2444 3772
134 203 168 252 r4
394 183 442 238 M.
470 181 655 239 ANNAEI
677 181 854 238 LUCANI

130 319 163 368 ut
182 307 278 385 superi
299 309 417 367 voluere
436 311 503 367 late.
545 318 615 366 tunc
635 326 701 364 rura
722 307 855 366 Nemetis

129 404 180 480 qui
201 412 289 476 tenet,
311 415 340 462 et
361 404 438 480 ripas
458 403 544 464 Aturi
564 423 624 479 qua
644 404 728 463 litore
750 424 840 463 curvo

130 500 256 561 molliter
275 499 437 560 admissum
458 499 569 560 claudit
590 500 773 560 Tarbellicus
794 520 913 576 aequor,

130 597 212 675 signa
232 606 340 668 movet,
361 597 527 672 gaudetque
547 606 647 655 amoto
669 597 817 655 Santonus
838 598 942 656 hoste:
983 637 984 640 η

130 704 158 752 et
180 691 289 752 Biturix
310 692 462 768 longisque
483 694 562 751 leves
585 693 746 751 Suessones
767 692 797 750 in
818 692 924 751 armis:

129 789 257 866 optimus
279 780 401 849 excusso
422 791 537 849 Leucus
558 791 729 865 Remusque
751 790 860 849 lacerto
871 811 879 861 ;

129 886 241 962 optima
260 904 332 961 gens
353 884 434 944 flexis
455 884 485 942 in
505 903 607 960 gyrum
628 886 765 960 Sequana
784 886 891 946 frenis:

130 994 158 1042 et
179 982 283 1041 docilis
303 994 399 1041 rector
418 981 533 1041 rostrati
554 983 644 1059 Belga
664 981 802 1040 covinni:

129 1080 309 1156 Arvernique
330 1078 392 1138 ausi
414 1077 516 1139 Latios
534 1098 565 1139 se
573 1080 683 1154 fingere
703 1081 805 1138 fratres

129 1177 269 1254 sanguine
290 1178 328 1235 ab
349 1175 441 1235 Iliaco
462 1174 564 1252 populi
574 1197 582 1248 ;
608 1173 789 1250 nimiumque
810 1175 926 1235 rebellis

130 1271 255 1331 Nervius
277 1282 305 1330 et
326 1270 404 1330 caesi
424 1272 552 1346 pollutus
573 1270 713 1347 sanguine
735 1273 859 1331 Cottae:

129 1378 159 1426 et
180 1366 230 1442 qui
250 1378 280 1426 te
300 1365 372 1425 laxis
393 1365 550 1439 imitantur,
572 1369 711 1438 Sarmata,
733 1366 845 1426 braccis

130 1460 317 1537 Vangiones:
346 1460 505 1537 Batavique
525 1471 621 1520 truces
641 1479 717 1536 quos
737 1480 803 1521 aere
824 1481 946 1522 recurvo

130 1560 285 1619 stridentes
305 1579 409 1618 acuere
430 1560 538 1618 tubae:
567 1578 626 1634 qua
646 1557 743 1634 Cinga
762 1571 890 1635 pererrat

129 1659 257 1735 gurgite:
286 1677 344 1734 qua
366 1658 531 1716 Rhodanus
552 1668 667 1733 raptum
687 1658 838 1716 velocibus
859 1657 946 1716 undis

130 1758 159 1815 in
181 1777 260 1815 mare
281 1758 335 1816 sert
356 1755 485 1815 Ararim:
515 1775 573 1832 qua
593 1755 744 1814 montibus
763 1757 855 1814 ardua
875 1755 998 1814 summis

129 1874 201 1930 gens
223 1853 334 1912 habitat
354 1872 428 1911 cana
448 1852 612 1928 pendentes
633 1871 704 1928 mpe
726 1853 903 1911 Gebennas:

130 1948 265 2030 [Pictones
286 1952 422 2008 iuerauncs
440 1950 574 2023 subigunt
592 1968 646 2006 sua
666 1967 759 2026 rura,¹
786 1967 833 2005 uec
852 1949 930 2005 ultra

130 2048 271 2104 instabiles
296 2049 426 2104 Turonas
444 2047 605 2104 circumsita
625 2052 720 2103 castra
740 2052 863 2103 coerceat.

131 2144 160 2200 iu
181 2145 294 2212 nebulis,
317 2143 473 2214 Meduana,
494 2143 553 2200 luis
574 2161 695 2199 marcere
706 2151 825 2217 perosus

130 2240 242 2310 Audies,
264 2240 322 2296 icem
337 2239 453 2313 placida
473 2238 582 2312 Ligeris
602 2245 745 2295 recreatur
764 2239 800 2295 ab
821 2241 898 2297 careda
909 2264 919 2306 ,·

130 2337 232 2409 c'aelyta
258 2336 401 2394 Caesareis
424 2335 551 2394 Genabos
570 2336 736 2393 dissolvitur
754 2333 831 2415 alis]

132 2447 161 2492 tu
183 2453 300 2509 quoque
322 2436 444 2491 laetatus
465 2432 596 2492 converti
617 2432 736 2508 proelia,
759 2433 879 2492 Trevir:

131 2541 160 2589 et
181 2551 259 2589 nunc
280 2542 363 2589 tonse
387 2529 474 2606 Ligur
494 2530 644 2605 quondam
665 2548 718 2604 per
738 2530 815 2587 colla
835 2530 943 2589 decora

132 2626 258 2684 crinibus
280 2625 377 2686 effusis
399 2625 453 2685 toti
474 2627 603 2701 praelate
625 2628 788 2686 Comatae:

131 2732 161 2780 et
182 2722 287 2796 quibus
308 2719 427 2779 immitis
447 2723 578 2796 placatur
598 2720 739 2796 sanguine
760 2719 824 2779 diro

132 2820 271 2876 Teutates
296 2817 474 2891 horrensque
496 2815 563 2875 feris
583 2816 721 2875 altaribus
744 2817 843 2874 Hesus

133 2923 161 2970 et
182 2911 303 2971 Taranis
325 2911 477 2988 Scythicae
498 2932 559 2972 non
581 2913 678 2972 mitior
698 2932 748 2971 ara
769 2913 892 2972 Dianae.

132 3029 184 3068 vos
205 3028 331 3084 quoque,
354 3009 404 3084 qui
425 3011 514 3068 sortes
534 3009 647 3069 animas
668 3011 806 3086 belloque
827 3020 992 3086 peremptas

132 3105 267 3164 laudibus
288 3105 317 3163 in
339 3106 460 3183 longum
481 3117 562 3166 vates
583 3105 728 3165 dimittitis
748 3125 862 3178 aevum,

133 3193 369 3276 plurima'securi
390 3201 504 3262 fudistis
528 3201 665 3275 carmina,
688 3201 783 3262 Bardi.

135 3313 164 3361 et
184 3321 236 3360 vos
257 3299 424 3359 barbaricos
445 3299 515 3358 ritus
536 3319 706 3375 moremque
728 3298 875 3357 sinistrum

113 3407 276 3463 sacrorum,
300 3394 446 3469 Druidae,
466 3393 575 3472 positis
596 3394 742 3474 repetistis
763 3397 801 3454 ab
822 3393 917 3452 armis.
