2444 3772
107 157 125 212 8
372 155 417 210 M.
447 154 629 210 ΑΝΝΑΕΙ
653 152 828 211 LUCANJ

107 296 282 363 excepturus
303 305 412 360 aquas:
442 283 523 343 molli
545 294 605 347 tum
629 295 724 344 cetera
745 283 852 361 rumpit

108 382 192 440 turba
212 384 288 441 vado
310 381 409 441 faciles
429 381 487 440 iam
508 382 590 441 fracti
610 382 738 441 fluminis
758 382 861 442 undas,

109 480 218 539 Caesar
238 490 270 538 ut
291 480 442 539 adversam
464 488 599 554 superato
620 478 733 554 gurgite
753 478 845 556 ripam

108 574 203 651 attigit
225 574 387 652 Hesperiae
408 573 504 634 vetitis
525 584 553 633 et
575 573 705 634 constitit
725 573 818 634 arvis:

108 670 166 744 hic,
187 670 236 743 ait,
258 670 307 729 hic
327 689 429 746 pacem
451 680 650 746 temerataque
670 669 733 728 iura
754 670 887 746 relinquo
898 693 906 744 ;
1039 688 1095 747 225

109 777 146 837 te,
169 769 306 839 Fortuna,
329 785 441 843 sequor.
484 767 586 842 procul
607 765 676 824 hinc
697 765 755 825 iam
776 768 895 826 foedera
916 778 1011 826 sunto.

110 861 289 921 credidimus
310 861 383 922 fatis,
425 863 569 922 utendum
591 874 635 922 est
655 861 753 922 iudice
774 865 860 924 bello.

110 957 151 1015 sic
172 960 256 1030 fatus,
277 956 373 1016 noctis
393 956 522 1016 tenebris
541 957 616 1034 rapit
636 958 753 1034 agmina
773 961 879 1019 ductor

110 1052 232 1129 impiger
252 1064 281 1112 et
302 1063 379 1112 torto
401 1053 527 1112 Balearis
547 1055 667 1113 verbere
688 1056 796 1115 fundae

110 1150 191 1209 ocior
212 1163 240 1210 et
260 1150 349 1209 missa
370 1152 469 1210 Parthi
489 1162 556 1227 post
577 1162 657 1228 terga
676 1152 780 1229 sagitta
790 1174 799 1226 ;

110 1246 297 1324 vicinumque
318 1247 417 1306 minax
438 1247 549 1307 invadit
569 1247 727 1308 Ariminon.
755 1249 839 1325 ignes

111 1342 180 1402 solis
201 1342 321 1403 lucifero
341 1344 491 1420 fugiebant
512 1356 587 1404 astra
608 1345 718 1419 relict0,

111 1442 228 1517 iamque
248 1441 311 1501 dies
332 1441 440 1517 primos
462 1442 530 1501 belli
550 1443 646 1502 visura
666 1446 809 1503 tumultus

111 1536 244 1597 exoritur.
288 1557 339 1597 seu
361 1549 466 1614 sponte
488 1538 585 1612 deum,
608 1559 660 1599 seu
681 1540 814 1600 turbidus
836 1544 941 1601 Auster

111 1636 273 1712 impulerat,
295 1647 438 1694 maestam
460 1647 617 1695 tenuerunt
637 1638 738 1695 nubila
759 1639 862 1697 lucem.

113 1731 245 1793 constitit
265 1744 297 1792 ut
317 1743 405 1808 capto
426 1731 520 1792 iussus
542 1734 691 1810 deponere
711 1733 795 1793 miles

35 1895 36 1898 Ἴ
112 1830 195 1907 signa
214 1832 285 1902 soro,
308 1828 414 1888 stridor
433 1829 537 1888 lituum
559 1831 736 1906 clangorque
757 1831 893 1888 tubamm

112 1945 172 1987 non
194 1925 243 2002 pia
264 1923 412 1984 concinuit
433 1944 500 1983 cum
521 1943 610 1983 rauco
631 1924 752 1983 classica
772 1944 871 1984 cornu.

112 2031 198 2097 rupta
218 2019 301 2097 quies
322 2020 423 2096 populi
444 2018 598 2096 stratisque
618 2019 713 2079 excita
733 2020 868 2080 iuventus

114 2114 232 2192 diripuit
253 2114 340 2173 sacris
360 2115 457 2173 adfixa
477 2113 632 2190 penatibus
652 2134 733 2173 arma

114 2231 191 2288 quae
211 2232 268 2289 pax
287 2213 376 2287 longa
397 2210 503 2270 dabat:
531 2212 611 2269 nuda
631 2209 689 2269 iam
711 2221 789 2270 crate
810 2212 933 2271 fluentes

114 2309 257 2368 invadunt
278 2309 397 2385 clypeos
417 2318 594 2382 curvataque
615 2305 736 2382 cuspide
757 2306 817 2382 pila

116 2416 145 2466 et
165 2407 283 2464 scabros
304 2403 402 2480 nigrae
423 2422 521 2462 morsu
542 2402 683 2479 rubiginis
704 2423 795 2462 enses.

116 2513 148 2561 ut
168 2513 256 2561 notae
276 2504 380 2561 fulsere
401 2502 517 2579 aquilae
539 2504 736 2577 Romanaque
757 2501 848 2577 signa,

117 2609 146 2657 et
166 2599 260 2657 celsus
281 2597 381 2656 medio
402 2608 577 2673 conspectus
598 2596 628 2656 in
649 2598 765 2673 agmine
787 2599 904 2668 Caesar,

117 2693 261 2769 diriguere
281 2704 371 2765 metu,
392 2693 507 2769 gelidus
528 2712 619 2769 pavor
639 2704 764 2769 occupat
789 2704 876 2766 artuS,

117 2801 147 2848 et
168 2786 257 2847 tacito
278 2799 376 2846 mutos
396 2788 518 2846 volvunt
539 2787 568 2845 in
590 2800 709 2863 pectore
727 2800 866 2863 questus:

117 2904 137 2944 o
158 2884 233 2942 male
254 2882 356 2942 vicinis
377 2884 451 2942 haec
470 2883 590 2942 moenia
610 2883 730 2944 condita
751 2885 851 2957 Gallis,

118 3002 137 3043 o
158 2980 231 3041 tristi
252 2982 390 3040 damnata
410 2980 495 3038 loco!
536 2998 594 3055 pax
613 2982 672 3039 alta
692 3000 745 3056 per
764 2999 868 3041 omnes

120 3092 148 3139 et
169 3076 324 3154 tranquilla
344 3074 428 3153 quies
448 3077 590 3152 populos:
619 3094 673 3134 nos
694 3077 802 3152 praeda
822 3079 967 3137 furentum
1052 3098 1108 3156 ²50

119 3175 270 3252 primaque
290 3184 384 3232 castra
404 3191 514 3230 sumus.
555 3171 667 3243 melius,
690 3174 828 3246 Fortuna,
850 3173 981 3233 dedisses

119 3271 190 3329 orbe
210 3269 265 3327 sub
288 3270 352 3326 Eoo
373 3267 474 3326 sedem
494 3265 649 3343 gelidaque
671 3268 727 3326 sub
747 3269 837 3326 Arcto

104 3376 303 3439 errantesque
323 3364 432 3424 domos
452 3363 529 3422 Latii
551 3382 641 3444 quam
662 3365 788 3425 claustra
808 3363 889 3423 tueri
