2444 3772
382 215 670 274 PHARSALIAE
696 217 780 274 ΜΒ.
809 218 836 275 Ι.
1069 233 1102 273 11

114 340 208 401 nescit
229 341 318 400 mixta
338 343 410 415 foro,
438 343 528 418 gladii
560 363 626 402 cum
662 343 741 402 triste
763 343 909 402 minantes
1045 360 1104 416 320

114 437 255 497 iudicium
276 439 393 498 insolita
414 440 559 515 trepidum
580 441 697 499 cinxere
719 459 836 512 corona,

113 547 203 613 atque
222 557 295 597 auso
316 536 428 596 medias
449 557 635 615 perrumpere
656 538 747 596 milite
768 540 847 614 leges

114 632 296 709 Pompeiana
316 630 401 693 reum'
420 635 586 692 clauserunt
606 634 688 709 signa
711 634 877 693 Milonem?

113 746 195 786 nunc
214 747 334 804 quoque
354 749 392 788 ne
413 732 522 787 lassum
543 739 643 787 teneat
663 729 774 805 privata
794 740 930 788 senectus

113 824 192 882 bella
212 825 340 884 nefanda
360 836 442 901 parat
462 836 561 884 suetus
582 827 716 886 civilibus
735 825 823 884 annis
1044 841 1100 901 325

113 929 143 978 et
164 919 268 979 docilis
288 922 398 980 Sullam
420 923 564 981 scelerum
585 922 688 982 vicisse
709 922 888 998 magistrum.

105 1027 205 1093 utque
224 1019 301 1077 serae
322 1016 409 1095 tigres
429 1038 591 1094 numquam
612 1038 737 1096 posuere
760 1021 897 1091 furorem,

112 1132 186 1189 quas
206 1133 327 1174 nemore
349 1117 490 1191 Hyrcano
512 1127 638 1175 matrum
660 1117 731 1175 dum
753 1117 842 1174 lustra
862 1124 1023 1190 sequuntur

111 1210 189 1268 altus
208 1228 360 1269 caesorum
381 1211 461 1287 pavit
481 1230 566 1270 cruor
586 1224 791 1282 armentorum,

111 1304 154 1364 sic
175 1317 204 1365 et
224 1308 375 1366 Sullanum
397 1307 484 1366 solito
505 1307 558 1367 tibi
581 1310 712 1367 lambere
732 1309 838 1367 ferrum
1043 1327 1101 1383 33ο

111 1400 205 1475 durat,
227 1404 347 1478 Magne,
368 1402 438 1462 sitis.
481 1405 579 1462 nullus
600 1406 692 1463 semel
712 1422 763 1463 ore
783 1413 918 1480 receptus

109 1500 237 1574 pollutas
257 1498 366 1575 patitur
386 1498 504 1576 sanguis
524 1518 730 1559 mansuescere
752 1502 859 1558 fauces.

110 1616 200 1673 quem
221 1607 320 1656 tamen
340 1596 470 1656 inveniet
490 1608 550 1656 tam
572 1598 660 1673 longa
680 1597 813 1674 potentia
832 1598 944 1656 linem?

109 1693 176 1770 quis
197 1695 339 1754 scelerum
360 1694 467 1753 modus
485 1698 552 1754 est?
592 1713 629 1753 ex
642 1694 700 1753 hoc
714 1704 743 1752 te
757 1693 825 1765 iam,
842 1693 984 1767 improbe,
1000 1712 1090 1768 regno

109 1792 159 1851 ille
179 1802 245 1851 tuus
265 1792 369 1850 saltem
389 1792 496 1851 doceat
516 1791 668 1850 discedere
690 1789 777 1849 Sulla.
1041 1809 1097 1866 335

109 1898 177 1964 post
197 1887 344 1948 Cilicasne
364 1906 454 1964 vagos
475 1895 504 1947 et
525 1887 593 1946 lassi
616 1886 738 1947 Pontica
758 1887 833 1964 regis

108 1984 220 2061 proelia
239 1984 392 2044 barbarico
412 1984 460 2044 vix
480 1997 685 2044 consummata
704 2004 819 2046 veneno

109 2079 213 2140 ultima
232 2078 377 2156 Pompeio
397 2080 514 2140 dabitur
534 2081 684 2157 provincia
705 2083 823 2154 Caesar,

107 2176 189 2252 quod
210 2195 271 2235 non
292 2174 424 2236 victrices
444 2177 556 2253 aquilas
577 2177 726 2252 deponere
747 2177 842 2236 iussus

107 2270 275 2347 paruerim?
314 2271 386 2329 mihi
407 2271 432 2331 si
452 2291 565 2332 merces
586 2284 686 2349 erepta
707 2274 839 2332 laborum
861 2285 905 2332 est
1040 2295 1097 2348 340

108 2365 153 2425 his
174 2368 278 2425 saltem
298 2367 378 2442 longi
399 2387 460 2428 non
481 2388 549 2427 cum
572 2369 648 2427 duce
669 2368 800 2445 praemia
819 2369 888 2428 belli

106 2464 283 2525 reddantur:
311 2463 395 2524 miles
416 2467 472 2524 sub
493 2464 626 2541 quolibet
646 2466 702 2525 iste
723 2465 889 2542 triumphet.

108 2561 239 2620 conseret
259 2560 415 2636 exsanguis
434 2579 495 2636 quo
516 2581 549 2621 se
569 2574 636 2639 post
656 2565 734 2623 bella
754 2565 911 2622 senectus?

106 2677 184 2734 quae
205 2659 291 2718 sedes
311 2657 365 2717 erit
385 2657 534 2717 emeritis?
561 2678 638 2735 quae
657 2680 724 2718 rura
744 2660 891 2719 dabuntur

106 2772 183 2830 quae
203 2764 303 2813 noster
323 2764 475 2814 veteranus
496 2757 582 2815 aret?
609 2775 685 2832 quae
706 2757 824 2816 moenia
844 2755 948 2815 fessis?
1039 2777 1093 2831 345

105 2872 144 2910 an
165 2852 269 2911 melius
289 2854 360 2912 fient
380 2853 499 2928 piratae,
523 2856 641 2930 Magne,
663 2854 785 2913 coloni?

106 2945 198 3007 tollite
219 2947 391 3024 iampridem
411 2948 540 3008 victricia
560 2949 654 3008 tollite
676 2950 776 3026 signa:

106 3042 215 3104 viribus
234 3045 376 3104 utendum
397 3057 441 3105 cst
461 3065 534 3122 quas
555 3045 694 3105 fecimus:
722 3065 803 3104 arma
824 3045 935 3104 tenenti

105 3140 205 3199 omnia
225 3142 275 3200 dat
295 3142 346 3218 qui
366 3141 443 3201 iusta
463 3154 558 3219 negat
601 3162 657 3203 nec
677 3143 799 3203 numina
820 3145 961 3205 deerunt:

104 3256 174 3296 nam
195 3257 251 3298 uec
271 3240 381 3315 praeda
400 3239 474 3298 meis
494 3259 591 3316 neque
612 3261 735 3318 regnum
756 3240 903 3316 quaeritur
922 3241 1018 3315 armis,
1036 3261 1094 3316 350

103 3332 285 3393 detrahimus
305 3333 443 3394 dominos
464 3335 529 3394 urbi
551 3336 658 3396 servire
677 3348 809 3414 paratae.

102 3428 222 3505 diuam,
243 3440 275 3491 at
295 3429 423 3495 dubium
444 3454 510 3497 non
531 3437 616 3498 claro
636 3453 802 3497 murmure
819 3433 941 3500 unffi
