2444 3772
379 190 668 257 PHARSALJAE
694 192 778 249 tm.
807 193 833 248 r.
1082 211 1100 265 9

116 340 169 381 nos
189 320 274 398 primi
295 323 446 381 Senonum
467 336 565 385 motus
587 322 798 397 Cimbrumque
818 324 961 380 furentem

114 419 240 480 vidimus
261 432 291 480 et
312 423 439 481 Martem
461 423 569 500 Libyes
590 440 764 497 cursumque
785 420 889 478 suroris
1044 435 1098 495 255

114 517 279 578 Teutonici.
302 522 438 595 quotiens
460 524 588 581 Romam
611 523 740 578 Fortuna
761 515 883 588 lacessit,

38 617 169 682 „sshae
189 615 244 675 iter
264 628 308 677 est
329 616 420 677 bellis.
465 618 574 694 gemitu
598 617 640 677 sic
660 615 786 692 quisque
806 613 906 672 latenti

114 733 174 773 non
195 704 283 773 ausus
303 713 435 774 timuisse
454 717 571 791 palam:
599 733 656 772 vox
676 714 757 771 nulla
777 709 871 770 dolori

114 811 241 872 creditas
269 812 321 870 sed
342 821 494 886 quantum,
516 812 648 870 volucres
669 828 735 867 cum
757 810 860 867 bruma
881 816 1005 878 coercet,

113 926 178 965 rura
198 906 284 987 silent
304 906 476 983 mediusque
497 918 574 966 tacet
595 905 658 965 sine
678 925 825 964 murmure
844 915 961 981 pontus,
1046 905 1102 962 260

114 1011 195 1060 tanta
216 1000 307 1076 quies.
349 1000 445 1061 noctis
465 1002 576 1077 gelidas
597 1003 647 1061 lux
667 1003 791 1061 solverat
811 1002 946 1061 umbras:

115 1116 186 1156 ecce
205 1098 283 1156 laces
304 1097 374 1157 belli
395 1097 561 1175 dubiaeque
582 1098 612 1157 in
632 1098 743 1175 proelia
763 1098 854 1156 menti

115 1204 251 1269 urgentes
271 1194 385 1253 addunt
406 1194 740 1271 stimuloscunctasque
760 1193 880 1270 pudoris

113 1302 252 1366 rumpunt
272 1292 331 1350 sata
352 1311 466 1350 moras:
493 1291 586 1351 iustos
607 1294 737 1351 Fortuna
757 1292 870 1349 laborat

115 1404 179 1445 esse
200 1385 283 1446 ducis
303 1397 401 1445 motus
422 1398 451 1446 et
472 1407 574 1446 causas
595 1386 706 1446 invenit
726 1386 820 1446 armis.

115 1482 224 1558 expulit
245 1482 365 1560 ancipiti
386 1483 535 1544 discordes
556 1485 628 1544 urbe
649 1484 781 1543 tribunos

114 1585 192 1644 victo
213 1585 275 1645 iure
296 1585 394 1644 minax
414 1585 526 1645 iactatis
547 1587 627 1646 curia
648 1587 795 1647 Gracchis.

114 1681 169 1741 hos
191 1682 248 1739 iam
269 1693 351 1740 mota
370 1682 454 1741 ducis
474 1682 627 1758 vicinaque
649 1683 731 1759 signa
751 1693 883 1758 petentes

115 1777 212 1836 audax
232 1778 328 1837 venali
348 1778 505 1837 comitatur
525 1778 615 1839 Curio
636 1779 752 1855 lingua:

115 1894 173 1933 vox
193 1877 344 1952 quondam
366 1875 466 1952 populi
488 1875 710 1952 libertatemque
732 1874 805 1935 tueri

116 1990 203 2030 ausus
224 1983 253 2031 et
273 1971 499 2048 armatosplebi
520 1971 642 2032 miscere
663 1983 806 2049 potentes.

119 2076 209 2140 utque
230 2067 336 2125 ducem
358 2064 451 2124 varias
472 2069 640 2126 volventem
661 2078 779 2142 pectore
801 2086 884 2125 curas

117 2159 287 2234 conspexit:
317 2159 387 2218 dum
409 2179 481 2219 voce
502 2170 569 2219 tuae
590 2171 711 2236 potuere
733 2159 831 2232 iuvari,

117 2257 233 2329 Caesar,
256 2254 304 2326 ait,
326 2267 422 2331 partes
443 2255 577 2331 quamvis
598 2257 717 2316 nolente
738 2267 841 2315 senatu

117 2350 256 2409 traximus
277 2349 430 2427 imperium
452 2362 513 2409 tum
557 2370 625 2408 cum
656 2351 727 2408 mihi
750 2354 858 2410 Rostra
879 2363 978 2409 tenere
1048 2367 1102 2424 275

117 2447 161 2505 ius
182 2459 242 2506 erat
264 2457 293 2506 et
313 2446 420 2506 dubios
441 2447 470 2505 in
492 2457 522 2506 te
542 2448 694 2506 transferre
716 2446 853 2522 Quirites.

117 2546 169 2604 sed
190 2555 346 2621 postquam
366 2546 447 2621 leges
467 2546 547 2602 bello
568 2543 672 2603 siluere
695 2555 825 2617 coactae,

116 2641 251 2718 pellimur
272 2662 289 2701 e
309 2642 409 2718 patriis
430 2642 537 2700 laribus
558 2641 741 2718 patimurque
762 2643 894 2700 volentes
943 2634 947 2641 ’

117 2739 267 2799 exsilium:
295 2750 345 2798 tua
365 2758 420 2798 nos
439 2738 527 2798 saciet
548 2737 669 2796 victoria
689 2738 776 2798 cives.

117 2838 187 2896 dum
208 2837 354 2912 trepidant
374 2838 455 2895 nullo
476 2838 605 2895 firmatae
626 2837 732 2894 robore
752 2846 857 2911 partes,
1048 2837 1105 2892 280

117 2933 188 2991 tolle
208 2951 312 2991 moras.
357 2951 472 3008 semper
492 2930 593 2991 nocuit
614 2930 728 2990 differre
749 2930 863 3006 paratis.

116 3046 170 3103 par
190 3029 272 3087 labor
292 3040 381 3104 atque
401 3039 496 3088 metus
517 3026 611 3105 pretio
632 3028 742 3087 maiore
762 3038 906 3104 petuntur.

117 3123 275 3183 bellantem
295 3123 419 3199 geminis
441 3123 533 3183 tenuit
554 3134 584 3182 te
605 3125 701 3183 Gallia
722 3123 827 3195 lustris,

117 3235 184 3293 pars
204 3229 296 3294 quota
316 3229 464 3280 terrarum.
506 3219 584 3277 sacili
606 3219 629 3277 si
650 3219 762 3295 proelia
781 3239 878 3296 pauca

116 3314 240 3390 gesseris
261 3326 368 3376 eventu
388 3315 442 3376 tibi
462 3318 561 3376 Roma
581 3316 728 3392 subegerit
748 3318 866 3374 orbem.
1064 3315 1133 3369 ‘Q

118 3430 197 3478 nunc
216 3429 315 3497 neque
420 3413 470 3499 ogi
488 3426 684 3478 remeantem
701 3431 827 3491 pompa
842 3402 1001 3474 tou-mul&
