2444 3772
363 193 653 253 PHARSALJAE
679 194 764 251 rra.
793 197 819 252 r.
1050 210 1085 267 13

98 325 198 383 Roma
218 320 263 382 sit.
305 321 351 380 his
371 330 497 379 cunctae
518 319 604 378 simul
624 321 780 378 adsensere
802 321 947 392 cohortes,

96 420 247 496 elatasque
267 419 327 477 alte
346 435 551 494 quaecumque
571 417 612 475 ad
632 417 711 474 bella
730 427 847 475 vocaret

97 514 257 592 promisere
279 533 393 572 manus.
436 511 458 572 it
479 525 576 572 tantus
597 514 635 572 ad
656 513 775 572 aethera
795 515 907 572 clamor

97 620 226 685 quantus
247 608 387 686 piniferae
408 611 517 668 Boreas
546 627 616 666 cum
649 608 792 667 Thracius
813 611 907 668 Ossae

96 705 218 781 rupibus
238 704 372 764 incubuit
392 716 512 764 curvato
532 706 637 764 robore
657 724 774 781 pressae

98 803 131 861 fit
152 821 242 861 sonus
262 815 313 861 aut
334 822 431 861 rursus
452 801 600 862 redeuntis
621 801 652 860 in
671 803 790 884 aethera
814 802 910 862 silvae.

140 898 250 957 Caesar
270 907 303 956 ut
323 907 478 974 acceptum
500 909 559 956 tam
581 917 675 974 prono
695 897 786 956 milite
807 899 917 956 bellum

97 993 215 1068 fataque
236 995 310 1052 ferre
331 993 419 1066 videt,
441 1013 479 1053 ne
500 1014 559 1069 quo
580 996 718 1069 languore
739 1003 868 1051 moretur

99 1090 254 1161 fortunam,
276 1109 391 1166 sparsas
410 1110 463 1166 per
483 1089 596 1149 Gallica
616 1109 681 1148 rura
701 1091 837 1149 cohortes

98 1198 202 1246 evocat
222 1198 252 1246 et
273 1189 402 1246 Romam
423 1187 512 1246 motis
532 1187 606 1264 petit
626 1187 756 1262 undique
778 1186 872 1263 signis.

98 1285 252 1344 deseruere
272 1300 345 1340 cavo
367 1281 493 1341 tentoria
512 1284 570 1341 fixa
591 1286 732 1355 Lemano‚

98 1390 252 1456 castraque
273 1399 349 1456 quae
370 1380 479 1455 Vogesi
500 1399 618 1438 curvam
640 1400 726 1456 super
746 1382 837 1439 ardua
857 1399 959 1457 rupem

96 1494 246 1552 pugnaces
267 1474 352 1551 pictis
373 1474 553 1534 cohibebant
574 1474 722 1551 Lingonas
743 1475 837 1534 armis.

98 1570 128 1629 hi
149 1573 225 1630 vada
246 1570 393 1647 liquemnt
416 1575 515 1631 Isarae
535 1571 586 1648 qui
605 1572 717 1648 gurgite
738 1575 843 1632 ductus

97 1686 149 1743 per
169 1678 229 1726 tam
249 1669 341 1727 multa
362 1687 415 1726 suo
435 1669 530 1728 famae
550 1669 667 1728 maioris
689 1669 718 1727 in
739 1689 855 1728 amnem

96 1763 196 1836 lapsus
216 1763 254 1820 ad
275 1781 437 1838 aequoreas
458 1782 567 1822 nomen
589 1783 649 1822 non
671 1764 788 1840 pertulit
808 1766 909 1823 undas.

97 1859 248 1917 solvuntur
268 1856 336 1915 flavi
356 1860 444 1934 longa
466 1857 592 1918 statione
614 1859 763 1918 Rutheni:

97 1957 175 2016 mitis
197 1959 273 2015 Atax
295 1954 393 2013 latias
417 1956 526 2031 gaudet
547 1975 607 2014 non
628 1958 702 2015 serre
723 1956 844 2028 carinas,

96 2052 163 2112 finis
184 2064 213 2111 et
235 2050 398 2127 Hesperiae
419 2064 556 2127 promoto
577 2051 669 2112 limite
690 2055 802 2112 Varus:

96 2168 214 2226 quaque
235 2149 290 2208 sub
313 2149 462 2206 Herculeo
484 2160 613 2207 sacratus
634 2149 755 2208 numine
777 2161 879 2226 portus

99 2253 183 2319 urget
203 2262 275 2321 rupe
296 2264 368 2304 cava
388 2246 528 2322 pelagus:
549 2264 611 2304 nou
632 2245 747 2306 Caurus
767 2241 798 2302 in
818 2243 901 2303 illum

98 2338 144 2400 ius
165 2339 254 2401 habet
275 2352 326 2401 aut
347 2343 517 2418 Zephyrus:
543 2341 623 2399 solus
644 2360 698 2399 sua
718 2339 804 2399 litora
824 2342 922 2399 turbat

99 2434 214 2497 Circius
235 2449 264 2497 et
287 2448 349 2497 tuta
369 2437 505 2515 prohibet
527 2436 653 2497 statione
675 2435 823 2496 Monoeci.

98 2552 217 2610 quaque
238 2533 314 2594 iacet
336 2534 404 2594 litus
425 2534 649 2611 dubiumquod
671 2546 746 2594 terra
765 2536 930 2609 fretumque

98 2630 229 2692 vindicat
250 2631 369 2691 alternis
391 2631 512 2703 vicibus,
535 2651 601 2690 cnm
626 2631 758 2690 funditur
778 2631 882 2709 ingens
1023 2651 1081 2702 410
1169 2662 1172 2667 -

98 2749 238 2802 oceanus,
253 2731 300 2790 vel
321 2751 389 2789 cum
410 2729 517 2807 refugis
538 2749 570 2790 se
591 2717 729 2789 ¹fluctibus
749 2731 852 2790 aufert.

99 2832 204 2881 ventus
224 2820 262 2878 ab
284 2828 414 2877 extremo
435 2818 556 2893 pelagus
577 2817 619 2876 sic
640 2838 695 2876 axe
716 2819 826 2877 volutet

35 2960 36 2963 =
99 2916 297 2990 destituatque
318 2915 412 2972 ferens
424 2933 433 2986 3
460 2932 498 2971 an
520 2912 613 2972 sidere
635 2923 716 2971 mota
737 2914 868 2973 secundo

99 3015 231 3090 Tethyos
252 3012 332 3072 unda
353 3030 442 3087 vagae
464 3010 613 3069 lunaribus
634 3020 747 3069 aestuet
767 3010 846 3068 horis
856 3033 864 3083 ;

99 3111 260 3186 flammiger
280 3128 317 3167 an
339 3108 428 3167 Titan
449 3118 482 3167 ut
502 3108 615 3166 alentes
637 3105 750 3165 hauriat
771 3106 867 3165 undas
1030 3125 1087 3183 4¹5
1182 3149 1185 3155 .

99 3210 190 3286 erigat
211 3212 364 3284 Oceanum
385 3208 550 3283 fluctusque
571 3206 609 3264 ad
631 3205 726 3263 sidera
747 3205 844 3275 ducat,

100 3303 230 3383 quaerite
251 3323 326 3380 quos
347 3303 437 3380 agitat
458 3303 561 3361 mundi
583 3303 682 3361 labor:
711 3312 741 3359 at
762 3298 834 3358 mihi
855 3317 966 3374 semper

101 3418 132 3462 tu
154 3420 357 3478 quaecumque
378 3420 482 3462 moves
503 3410 568 3461 tarn
587 3399 713 3459 crebros
731 3416 828 3455 eausa
847 3401 968 3449 memus
