2444 3772
154 217 184 255 12
413 200 459 257 M.
489 200 673 256 ANNAEI
695 201 872 258 LUCANI

148 346 247 386 secum
269 327 379 388 incerta
399 328 512 390 fremit:
540 328 633 405 pietas
654 329 797 404 patriique
818 340 940 406 penates

147 427 438 501 quamquam'caede
458 427 534 485 seras
553 436 668 485 mentes
688 427 863 502 animosque
884 437 1032 485 tumentes

147 522 301 598 frangunt3
328 522 381 581 sed
401 521 465 581 diro
486 523 552 582 ferri
573 534 745 582 revocantur
765 543 865 583 amore
1077 541 1134 599 355

148 619 337 696 ductorisque
358 633 446 682 metu.
490 620 597 680 summi
618 632 681 680 tum
709 640 830 680 munera
850 621 901 697 pili

150 717 268 777 Laelius
289 717 461 794 emeritique
480 737 584 794 gerens
604 705 821 793 insignia'doni

148 815 251 874 servati
272 815 342 874 civis
363 816 536 875 referentem
556 813 686 890 praemia
706 832 866 890 quercum:

149 911 171 970 si
193 910 269 981 licet,
292 913 442 984 exclamat,
466 910 595 970 Romani
617 909 743 969 maxime
764 921 860 969 rector

148 1007 275 1066 nominis
297 1005 391 1066 etius
412 1017 457 1066 est
476 1026 559 1066 veras
580 1026 748 1082 expromere
766 1025 862 1079 voces,
1079 1007 1138 1081 360

149 1103 228 1178 quod
250 1113 310 1161 tam
329 1103 410 1161 lenta
430 1112 495 1160 tuas
517 1101 610 1162 tenuit
630 1103 772 1179 patientia
792 1103 867 1162 vires

149 1199 361 1274 conquerimur.
405 1199 543 1258 deeratne
563 1199 616 1258 tibi
636 1200 744 1258 fiducia
764 1200 878 1259 nostri?

149 1293 219 1352 dum
240 1304 339 1352 movet
359 1294 433 1352 haec
453 1293 565 1352 calidus
586 1295 723 1370 spirantia
744 1314 866 1372 corpora
887 1296 1006 1372 sanguis

149 1402 178 1449 et
199 1380 351 1466 dum'pila
370 1393 468 1451 valent
488 1392 577 1451 sortes
598 1402 734 1467 torquere
754 1392 853 1452 lacerti

149 1489 323 1563 degenerem
343 1488 454 1564 patiere
474 1500 572 1563 togam
592 1507 773 1565 regnumque
794 1491 935 1548 senatus?
1078 1491 1135 1565 365

150 1601 243 1658 usque
264 1583 339 1641 adeo
360 1581 497 1642 miserum
519 1594 562 1643 est
583 1583 660 1642 civili
681 1585 796 1644 vincere
817 1586 917 1645 bello?

149 1682 208 1740 duc
228 1701 282 1758 age
303 1701 356 1758 per
375 1681 510 1759 Scythiae
530 1684 657 1758 populos
678 1702 730 1758 per
749 1683 899 1760 inhospita
919 1682 1009 1759 Syrtis

150 1780 234 1838 litora
253 1798 306 1854 per
325 1779 435 1838 calidas
456 1779 567 1856 Libyae
588 1779 711 1840 sitientis
732 1781 873 1840 harenas:

150 1877 223 1934 haec
243 1894 346 1934 manus
367 1885 400 1934 ut
420 1874 529 1935 victum
550 1886 617 1951 post
638 1887 718 1952 terga
738 1876 914 1952 relinqueret
934 1878 1037 1936 orbem

150 1971 253 2030 oceani
275 1970 400 2031 tumidas
420 1989 501 2031 remo
523 1972 704 2048 compescuit
723 1973 826 2045 undas,
1080 1991 1139 2049 370

151 2065 233 2142 fregit
254 2077 283 2125 et
304 2069 414 2127 Arctoo
434 2077 620 2143 spumantem
640 2067 748 2127 vertice
770 2069 916 2128 Rhenum.

152 2163 229 2224 iussa
249 2165 332 2241 sequi
353 2177 412 2225 tam
433 2184 519 2240 posse
540 2165 609 2223 mihi
632 2185 719 2241 quam
740 2168 815 2225 velle
835 2185 957 2226 necesse
978 2178 1028 2226 est.

152 2281 207 2319 uec
227 2259 298 2318 civis
319 2280 401 2320 meus
422 2272 466 2320 est
487 2259 516 2319 in
538 2281 626 2337 quem
648 2272 698 2321 tua
719 2261 848 2334 classica,
871 2264 990 2334 Caesar,

150 2353 278 2412 audiero.
321 2373 374 2430 per
394 2353 476 2430 signa
496 2355 599 2414 decem
621 2356 717 2414 felicia
738 2356 839 2414 castris

150 2469 260 2525 perque
281 2461 347 2509 tuos
367 2450 429 2509 iuro
451 2470 638 2528 quocumque
659 2471 696 2510 ex
716 2453 801 2510 hoste
822 2450 986 2526 triumphos
997 2472 1005 2523 ;
1079 2470 1136 2528 375

151 2557 270 2622 pectore
290 2547 314 2606 si
335 2546 427 2606 fratris
447 2546 574 2622 gladium
597 2548 754 2624 iuguloque
775 2548 904 2624 parentis

151 2645 279 2702 condere
300 2663 348 2702 me
368 2642 468 2702 iubeas
490 2645 652 2721 plenaeque
674 2645 703 2702 in
725 2644 836 2704 viscera
856 2655 940 2720 partu

151 2740 282 2818 coniugis
303 2739 394 2799 invita
414 2759 550 2816 peragam
571 2752 670 2800 tamen
692 2742 791 2800 omnia
812 2743 932 2815 dextra;

151 2837 174 2895 si
200 2835 325 2912 spoliare
346 2835 418 2894 deos
440 2836 595 2911 ignemque
617 2835 774 2896 immittere
795 2837 920 2913 templis,

152 2932 273 2991 numina
293 2931 428 2991 miscebit
449 2932 603 2992 castrensis
623 2934 741 2992 flamma
764 2936 904 2993 Monetae
915 2955 923 3005 ;
1081 2937 1140 3008 380

151 3039 245 3086 castra
266 3047 352 3103 super
372 3027 462 3086 Tusci
484 3027 507 3086 si
528 3047 638 3104 ponere
660 3029 797 3106 Tybridis
818 3032 912 3090 undas

156 3123 317 3200 Hesperios
337 3124 433 3182 audax
454 3126 570 3184 veniam
592 3138 718 3186 metator
739 3126 768 3184 in
789 3146 881 3202 agros.

152 3234 182 3281 tu
204 3239 406 3296 quoscumque
428 3223 509 3281 voles
529 3222 560 3280 in
581 3225 702 3299 planum
724 3225 874 3283 effundere
894 3243 995 3284 muros

146 3318 196 3373 lrr's
215 3317 291 3375 aries
312 3327 395 3374 actus
417 3316 563 3393 disperget
586 3339 655 3378 saxa
675 3320 810 3379 lacertis:

123 3404 178 3460 illa
197 3408 275 3464 licet
289 3409 420 3483 penitus
441 3412 507 3473 tolli
528 3432 621 3490 quam
643 3412 763 3476 iusseris
781 3415 888 3475 urbem
1086 3417 1143 3491 385
