2444 3772
442 215 731 273 PHARSALIAE
757 215 840 273 ΠΒ.
870 217 897 274 Ι.

176 339 300 398 aetheris
321 338 456 398 immensi
478 349 590 415 partem
613 339 636 398 si
658 339 796 416 presseris
817 335 914 412 unam,

176 432 281 493 sentiet
301 433 364 493 axis
385 453 470 493 onus.
512 434 608 494 librati
629 436 762 510 pondera
782 434 857 494 caeli

176 531 247 590 orbe
268 540 335 591 tene
356 530 473 591 medio:
501 551 567 608 pars
587 531 712 591 aetheris
734 531 783 591 illa
804 532 899 592 sereni

175 637 238 685 tota
258 639 343 687 vacet
363 629 519 704 nullaeque
540 628 660 687 obstent
679 647 698 686 a
719 629 845 688 Caesare
865 629 968 688 nubes.

176 731 245 781 tunc
264 741 356 799 genus
377 724 538 782 humanum
558 722 661 799 positis
682 721 738 782 sibi
759 724 895 783 consulat
914 723 1010 797 armis,
1124 730 1161 784 60

175 816 263 894 inque
283 819 378 878 vicem
398 838 472 896 gens
493 817 589 878 omnis
610 829 706 879 amet:
735 839 792 896 pax
812 818 901 880 missa
921 840 973 896 per
993 823 1095 882 orbem

174 915 265 974 ferrea
285 915 415 993 belligeri
436 925 607 991 compescat
627 914 728 974 limina
750 915 823 976 Iani.

174 1013 227 1070 sed
247 1010 319 1070 mihi
340 1010 398 1070 iam
420 1031 547 1072 numen:
576 1031 642 1084 nec,
664 1011 688 1071 si
709 1024 739 1072 te
760 1024 879 1088 pectore
901 1025 980 1073 vates

173 1108 297 1185 accipio,
320 1109 459 1170 Cirrhaea
479 1109 567 1168 velim
589 1121 701 1169 secreta
720 1120 890 1170 moventem

173 1205 329 1266 sollicitare
349 1207 438 1266 deum
461 1207 668 1282 Bacchumque
689 1218 818 1267 avertere
840 1210 927 1283 Nysa

173 1313 205 1361 tu
227 1303 296 1362 satis
316 1304 355 1363 ad
376 1305 489 1364 dandas
510 1306 648 1364 Romana
672 1303 702 1363 in
723 1304 853 1364 carmina
873 1305 956 1366 vires.

213 1400 267 1459 sert
287 1398 401 1483 animus
421 1419 524 1460 causas
544 1411 691 1459 tantarum
712 1420 883 1477 expromere
905 1422 1008 1475 rernm,

62 1497 162 1580 ml
174 1475 406 1573 imme‘nuimque
426 1496 553 1573 aperitur
572 1517 655 1574 opus,
677 1497 750 1573 quid
772 1498 802 1556 in
823 1518 902 1557 arma
923 1501 1066 1560 furentem

172 1590 319 1668 impulerit
339 1594 491 1669 populum,
514 1593 586 1670 quid
610 1613 714 1669 pacem
735 1595 893 1654 excusserit
914 1597 986 1656 orbi.

173 1685 271 1747 invida
291 1689 416 1748 fatomm
437 1689 534 1762 series
556 1689 735 1766 summisque
757 1702 895 1766 negatum
1125 1714 1160 1768 70

172 1793 247 1843 stare
269 1783 319 1843 diu
328 1806 337 1858 3
365 1783 516 1861 nimioque
535 1805 637 1863 graves
657 1787 712 1845 sub
733 1788 863 1861 pondere
884 1789 984 1864 lapsus
994 1812 1002 1862 ;

172 1899 229 1940 nec
249 1900 280 1939 se
302 1883 400 1941 Roma
419 1883 522 1941 ferens.
565 1881 615 1954 sic,
648 1901 716 1940 cum
751 1903 893 1960 compage
915 1888 1010 1945 soluta

172 1978 290 2037 saecula
311 1989 354 2037 tot
375 1978 477 2038 mundi
499 1999 635 2055 suprema
654 1977 783 2057 coegerit
803 1981 883 2053 hora,

172 2073 324 2151 antiquum
345 2086 479 2150 repetent
499 2077 603 2134 iterum
625 2076 715 2136 chaos
735 2077 834 2136 omnia
844 2097 853 2148 3
880 2075 976 2136 mixtis

172 2168 268 2229 sidera
288 2170 431 2230 sideribus
451 2184 644 2232 concurrent:
671 2171 757 2250 ignea
777 2185 900 2249 pontum

172 2278 248 2326 astra
268 2277 387 2344 petent:
416 2269 501 2328 tellus
523 2271 679 2328 extendere
701 2270 786 2328 litora
806 2272 887 2330 nolet

172 2363 357 2440 excutietque
378 2357 501 2422 fretum:
531 2365 609 2423 fratri
630 2364 775 2424 contraria
796 2366 916 2424 Phoebe

172 2457 233 2529 ibit,
256 2468 285 2517 et
305 2459 458 2535 obliquum
479 2459 561 2536 bigas
581 2459 691 2537 agitare
710 2479 763 2536 per
783 2462 885 2520 orbem

171 2552 322 2631 indignata
342 2555 421 2615 diem
441 2567 545 2631 poscet
565 2555 638 2615 sibi:
666 2567 787 2632 totaque
808 2557 920 2617 discors

62 2635 162 2696 ΨΜ
171 2651 307 2733 mac—biga
327 2650 432 2711 divulsi
453 2652 581 2712 turbabit
600 2654 721 2713 foedera
740 2653 851 2713 muudi.

171 2743 201 2803 iu
222 2765 253 2804 se
274 2765 381 2823 magna
400 2758 505 2808 ruunt:
530 2747 613 2808 laetis
634 2749 713 2807 hunc
733 2748 854 2809 numina
874 2751 961 2809 rebus

170 2842 321 2902 crescendi
341 2863 466 2920 posuere
486 2846 616 2906 modum.
659 2865 716 2906 nec
735 2845 872 2922 gentibus
893 2845 960 2906 ullis

171 2943 341 3001 commodat
361 2941 391 3001 in
412 2944 553 3019 populum
574 2954 668 3003 terrae
688 2942 842 3019 pelagique
862 2955 1015 3019 potentem

117 3037 310 3151 &invidiam
332 3041 461 3100 Fortuna
481 3061 572 3101 suam.
615 3052 646 3101 tu
667 3060 756 3099 causa
777 3042 919 3100 malorum

62 3112 114 3206 ,b
169 3136 247 3194 facta
266 3136 357 3223 trQs
377 3137 505 3220 dominis
525 3136 700 3209 eommunis,
722 3140 829 3211 Roma,
850 3158 907 3198 nec
927 3159 1067 3217 umquam
1120 3144 1156 3220 85

169 3235 199 3294 in
220 3236 336 3294 turbam
357 3234 437 3294 missi
456 3235 556 3295 feralia
575 3237 695 3295 foedera
714 3236 804 3312 regni.

168 3350 188 3390 ο
209 3332 285 3390 male
306 3331 468 3391 concordes
489 3330 637 3408 nimiaque
658 3331 796 3408 cupidine
817 3331 905 3404 caeci,

168 3427 239 3504 quid
260 3426 382 3487 miscere
402 3427 486 3494 iuvat
502 3426 577 3486 vires
597 3429 757 3503 orbemque
779 3437 878 3487 tenere
