2444 3772
126 223 167 265 ro
395 205 441 260 M.
470 204 655 263 ANNAEI
676 206 854 263 LUCANI

130 332 238 409 excipit
258 344 308 391 aut
329 351 423 390 sacras
446 343 573 406 poscunt
595 332 741 408 Capitolia
764 335 867 393 lauros.

129 431 203 489 livor
223 432 297 490 edax
317 429 370 487 tibi
391 439 496 503 cuncta
517 440 603 504 negat
613 451 622 502 ;
647 441 809 506 gentesque
830 433 965 491 subactas

131 527 178 585 vix
198 525 318 601 impune
339 526 420 584 feres,
463 542 596 584 socerum
617 526 764 601 depellere
785 546 875 602 regno

130 624 278 683 decretum
299 642 408 698 genero
430 634 481 681 est.
523 621 621 698 partiri
642 642 701 680 non
724 634 808 698 potes
827 626 939 697 orbern,
1062 645 1119 698 ²90

131 723 209 780 solus
229 721 337 778 habere
357 728 449 794 potes.
493 717 535 776 sic
555 729 712 794 postquam
734 721 817 790 fatus
840 730 870 778 et
890 720 945 796 ipsi

130 817 160 874 in
180 818 291 876 bellum
312 833 406 891 prono
427 824 540 872 tantum
562 825 660 873 tamen
682 815 796 875 addidit
818 816 876 874 irae

130 913 323 988 accenditque
343 912 449 969 ducem
470 921 613 986 quantum
634 913 761 971 clamore
782 912 896 972 iuvatur

133 1011 221 1069 Eleus
241 1007 367 1084 sonipes,
389 1007 523 1083 quamvis
544 1007 601 1066 iam
623 1027 739 1068 carcere
760 1010 859 1068 clauso

132 1104 282 1163 immineat
301 1103 410 1161 foribus
431 1122 600 1179 pronusque
620 1107 757 1180 repagula
777 1106 862 1165 laxet.
914 1089 915 1092 Ἴ
1063 1125 1117 1182 295

131 1209 275 1257 convocat
296 1208 423 1257 armatos
444 1189 601 1272 extemplo
613 1199 652 1257 ad
673 1198 755 1275 signa
775 1200 938 1276 maniplos:
1009 1241 1012 1246 -

132 1306 222 1370 utque
243 1294 312 1352 satis
333 1293 479 1369 trepidum
499 1295 584 1353 turba
605 1306 730 1355 coeunte
750 1298 907 1357 tumultum

131 1391 306 1467 composuit,
330 1391 410 1448 vultu
431 1391 591 1466 dextraque
612 1392 727 1451 silentia
749 1393 848 1453 iussit:

131 1489 273 1546 bellomm
295 1506 314 1544 ο
336 1484 416 1559 socii,
439 1485 491 1562 qui
510 1486 590 1546 mille
610 1487 739 1564 pericula
761 1490 864 1549 Martis

132 1604 257 1654 mecum,
279 1583 326 1656 ait,
350 1582 460 1659 experti
481 1583 598 1643 decimo
619 1584 678 1643 iam
699 1585 813 1644 vincitis
834 1605 922 1658 anno,
1064 1607 1121 1661 300

131 1683 189 1741 hoc
210 1701 295 1740 cruor
315 1679 431 1739 Arctois
451 1680 557 1740 memit
578 1681 701 1740 diffusus
722 1682 751 1739 in
773 1682 847 1741 arvis
1101 1695 1103 1698 ’

132 1779 309 1852 vulneraque
331 1786 360 1835 et
380 1786 489 1835 mortes
510 1776 679 1853 hiemesque
700 1779 755 1836 sub
777 1777 901 1853 Alpibus
923 1779 1029 1836 actae?

133 1893 193 1934 non
215 1892 297 1932 secus
319 1872 428 1947 ingenti
449 1874 592 1932 bellorum
615 1876 712 1933 Roma
732 1876 860 1933 tumultu

133 1967 298 2027 concutitur
318 1986 407 2042 quam
429 1966 453 2025 si
475 1969 592 2027 Poenus
613 1969 832 2028 transcenderet
853 1969 944 2045 Alpes

135 2064 294 2123 Hannibal.
338 2063 495 2139 implentur
515 2065 612 2123 valido
633 2064 727 2124 tirone
748 2065 902 2124 cohortes:
1064 2082 1121 2142 305

134 2160 164 2217 in
185 2161 309 2217 classem
330 2158 410 2218 cadit
429 2177 518 2218 omne
539 2180 661 2220 nemus:
689 2171 824 2237 terraque
845 2160 977 2237 marique

134 2255 228 2312 iussus
249 2254 357 2312 Caesar
377 2253 432 2329 agi.
475 2254 547 2330 quid
568 2254 592 2314 si
613 2255 684 2314 mihi
706 2255 789 2333 signa
809 2256 937 2315 iacerent
970 2290 972 2294 ·

136 2353 231 2410 Marte
252 2351 306 2408 sub
326 2350 450 2409 adverso
470 2363 644 2428 merentque
665 2353 695 2412 in
716 2364 796 2429 terga
813 2355 925 2412 seroces

135 2449 287 2508 Gallorum
308 2447 431 2524 populi?
471 2466 558 2520 nunc,
591 2469 658 2508 cnm
694 2451 823 2508 Fortuna
844 2448 981 2508 secundis

135 2566 252 2605 mecum
272 2546 360 2603 rebus
379 2555 446 2620 agat
466 2545 623 2620 superique
643 2547 679 2604 ad
702 2564 816 2603 summa
834 2555 984 2617 vocantes,
1066 2563 1125 2619 310

136 2654 319 2719 temptamur.
358 2640 460 2700 veniat
481 2642 541 2699 dux
562 2643 649 2716 longa
663 2661 736 2717 pace
758 2644 870 2701 solutus

136 2738 228 2797 milite
248 2756 315 2796 cum
336 2735 434 2794 subito
455 2747 611 2812 partesque
631 2736 662 2794 in
682 2738 760 2796 bella
781 2747 897 2812 togatae

137 2837 353 2910 Marcellusque
374 2835 482 2910 loquax
504 2844 532 2893 et
552 2834 674 2894 nomina
695 2854 770 2893 vana
791 2836 929 2894 Catones.

138 2931 248 2990 scilicet
272 2928 392 2988 extremi
414 2929 588 3005 Pompeium
609 2930 759 3006 emptique
780 2930 902 2989 clientes

137 3026 280 3086 continuo
300 3045 352 3102 per
373 3035 417 3084 tot
437 3027 591 3087 sociabunt
611 3039 745 3104 tempora
765 3032 877 3104 regno?
1068 3042 1125 3102 315

139 3123 187 3181 ille
208 3133 288 3197 reget
309 3141 415 3194 currus,
438 3125 572 3182 nondum
592 3123 770 3200 patientibus
791 3122 897 3182 annis?

138 3220 187 3279 ille
208 3221 299 3278 semel
319 3229 418 3295 raptos
438 3238 600 3296 numquam
621 3219 748 3280 dimittet
768 3222 918 3279 honores?

134 3317 208 3387 quid
227 3316 288 3374 iam
308 3336 375 3375 rura
395 3335 499 3392 querar
518 3329 614 3377 totum
635 3337 790 3395 suppressa
810 3336 863 3394 per
882 3319 984 3377 orbem

107 3419 152 3454 ac
169 3407 287 3464 iussam
307 3410 424 3470 servire
441 3413 581 3484 famem?
621 3414 689 3494 quis
709 3426 807 3475 castra
825 3413 943 3474 timenti
