2444 3772
141 196 178 243 aa
406 187 451 244 aa
481 169 664 245 Annua]
685 188 862 248 nucum

139 327 227 393 atque
247 315 319 375 iram
340 335 475 392 superum
496 315 750 394 raptisquaesivit
768 317 803 376 in'
819 319 900 378 extis.
950 347 984 387 3
1024 360 1028 401 3
1055 359 1057 364 .

139 410 239 472 terruit
258 411 321 488 ipse
342 414 423 472 color
442 421 557 472 vatem:
585 413 654 472 nar'u
674 412 784 489 pallida
799 409 899 473 taetris
932 474 935 482 ,
977 452 979 456 -

140 508 249 568 viscera
269 508 360 568 tincta
379 508 457 568 notis
476 508 634 586 gelidoque
654 499 761 570 infecta
784 523 885 571 cruore

139 603 278 680 plurimus
297 605 437 681 adsperso
457 603 586 665 variabat
606 604 746 680 sanguine
766 605 846 666 livor.
963 645 965 650 -
999 623 1019 668 ,’
1065 611 1125 666 620

139 698 231 759 cernit
250 701 319 759 tabe
339 700 419 759 iecur
438 698 606 760 madidum:
628 707 775 777 venasque
795 701 925 762 minaces

139 795 237 855 hostili
257 797 295 855 de
315 808 397 872 parte
417 795 504 855 videt
547 796 693 873 pulmonis
714 797 810 857 anheli

139 891 211 950 fibra
230 892 301 951 latet
321 910 484 967 parvusque
505 903 584 951 secat
605 891 704 951 vitalia
724 892 807 952 limes
902 927 905 933 ·

139 1003 189 1043 cor
209 985 302 1045 iacet:
330 996 359 1045 et
380 985 491 1046 saniem
507 1006 564 1063 per
583 986 698 1047 hiantes
718 987 829 1048 viscera
848 988 936 1048 rimas
1092 1059 1093 1063 η

139 1082 292 1145 emittunt:
320 1087 505 1162 produntque
525 1104 592 1144 suas
613 1096 732 1146 omenta
752 1087 887 1146 latebras
910 1152 911 1155 Ἴ
969 1131 989 1147 .,
1065 1090 1121 1164 625

139 1180 525 1258 quodque-nelas-nullis
545 1181 665 1257 impune
685 1181 820 1258 adparuit
840 1181 914 1242 extis

139 1296 208 1337 ecce
228 1279 307 1338 videt
327 1277 415 1355 capiti
434 1280 568 1338 fibrarum
590 1277 750 1338 increscere
774 1280 882 1338 molem

138 1373 255 1432 alterius
275 1373 395 1450 capitis:
422 1394 489 1450 pars
509 1393 595 1450 aegra
615 1385 644 1433 et
665 1374 793 1433 marcida
813 1374 932 1451 pendet,

138 1488 204 1547 pars
225 1469 312 1530 micat
332 1481 361 1530 et
381 1469 468 1530 celeri
488 1489 577 1529 venas
597 1481 695 1530 movet
716 1469 850 1545 improba
870 1472 963 1546 pulsu.

138 1567 183 1626 his
202 1568 252 1627 ubi
273 1568 408 1644 concepit
428 1586 599 1644 magnorum
620 1569 679 1626 sata
699 1568 840 1626 malorum
978 1629 980 1634 ,
1063 1572 1122 1642 630

139 1666 300 1724 exclamat:
327 1663 374 1722 vix
394 1666 445 1736 fas,
467 1663 571 1741 superi,
592 1683 796 1741 quaecumque
816 1665 943 1725 monetis

138 1763 262 1837 prodere
282 1781 329 1820 me
349 1761 483 1837 populis:
510 1760 707 1836 nequeenim
727 1760 781 1821 tibi
802 1780 915 1820 summe
936 1761 1014 1820 litavi

140 1859 250 1935 Iupiter
269 1860 327 1918 hoc
347 1877 478 1917 sacrum:
504 1858 640 1934 caesique
661 1857 691 1916 in
712 1868 832 1934 pectora
851 1846 925 1916 tauri

138 1955 242 2014 inferni
262 1974 368 2014 venere
389 1955 445 2014 dei.
487 1974 547 2014 non
568 1955 657 2014 landa
677 1954 833 2014 timemus:

139 2053 191 2112 sed
211 2051 329 2110 venient
350 2050 460 2111 maiora
480 2061 568 2110 metu.
610 2050 641 2110 di
662 2049 724 2110 visa
744 2052 906 2112 secundent
1023 2109 1025 2114 ,
1063 2056 1119 2128 63-5·

138 2158 167 2207 et
187 2147 266 2206 libris
287 2146 323 2207 sit
343 2148 423 2206 nulla
442 2146 532 2221 fides3
559 2147 613 2207 sed
633 2147 769 2207 conditor
788 2149 858 2208 artis

138 2243 249 2304 tinxerit
270 2243 325 2303 ista
344 2247 448 2320 Tages.
491 2244 567 2303 flexa
585 2242 637 2302 sic.
649 2242 748 2303 omnia
768 2247 883 2304 Tuscus

138 2336 289 2398 involvens
309 2340 458 2415 multaque
479 2349 580 2415 tegens
599 2340 724 2416 ambage
744 2341 878 2399 canebat.

176 2444 206 2493 at
228 2433 346 2510 Figulus
367 2433 414 2493 cui
434 2454 503 2493 cura
523 2436 596 2494 deos
616 2444 787 2509 secretaque
809 2434 882 2494 caeli

137 2549 224 2590 nosse
243 2529 305 2602 fuit,
327 2549 413 2607 quem
434 2549 493 2589 non
515 2530 663 2589 stellarum
684 2529 830 2605 Aegyptia
851 2529 1000 2605 Memphis
1062 2532 1121 2600 640

137 2639 274 2706 aequaret
293 2627 356 2685 visu
377 2626 562 2702 numerisque
582 2625 768 2686 moventibus
787 2637 873 2697 astra

136 2736 186 2784 aut
206 2723 254 2782 hic
274 2733 358 2794 errat,
378 2723 428 2794 ait,
450 2723 529 2781 nulla
549 2741 616 2781 cum
637 2724 701 2797 lege
723 2741 775 2797 per
794 2740 899 2780 aevum

136 2824 263 2881 mundus
283 2831 313 2879 et
333 2819 445 2879 incerto
465 2818 630 2879 discurrunt
649 2818 745 2878 sidera
765 2830 865 2878 motu:

135 2929 185 2977 aut
206 2917 230 2976 si
250 2918 309 2976 lata
330 2926 449 2975 movent
469 2914 533 2974 urbi
553 2914 711 2991 generique
731 2925 847 2990 paratur

136 3015 266 3073 humano
286 3024 398 3072 matura
419 3014 488 3071 lues.
531 3023 661 3071 terraene
682 3012 834 3071 dehiscent

136 3110 345 3185 subsidentque
365 3111 473 3169 urbes?
500 3128 537 3167 an
559 3110 642 3168 tollet
663 3107 789 3167 fervidus
810 3111 859 3164 aer

135 3206 328 3283 temperiem?
355 3216 467 3280 segetes
488 3206 574 3263 tellus
594 3204 683 3263 infida
702 3201 842 3278 negabit?

128 3304 230 3360 omnis
248 3323 288 3361 an
308 3302 411 3361 inlusis
431 3301 600 3360 miscebitur
621 3303 700 3360 unda
720 3298 861 3358 venenis?

104 3395 198 3455 qaod
213 3397 314 3453 cladis
331 3416 439 3473 genus,
463 3418 483 3458 ο
506 3396 613 3476 superi,
634 3417 694 3475 qua
712 3407 796 3474 peste
814 3392 935 3472 paratis
