2444 3772
117 214 136 267 4
381 195 429 252 M.
457 193 642 251 ANNAEI
661 189 841 252 LUCANI

116 323 146 382 in
168 322 320 382 medium?
361 322 432 380 dum
453 333 529 381 terra
548 323 653 380 fretum
674 329 838 393 terramque
859 313 968 375 levabit

24 460 27 466 -
116 423 166 478 aer
185 431 215 478 et
234 418 315 495 longi
335 420 454 478 volvent
474 417 582 477 Titana
602 418 718 476 labores
1067 431 1105 487 90

116 535 234 591 noxque
254 515 333 574 diem
354 516 437 573 caelo
458 513 583 573 totidem
603 532 656 588 per
675 511 757 588 signa
778 521 923 585 sequetur,

116 614 197 671 nulla
217 612 290 670 sides
310 609 392 686 regni
412 608 509 681 sociis,
531 607 687 683 omnisque
707 615 837 683 potestas

116 709 272 785 impatiens
293 707 437 767 consortis
458 705 518 766 erit.
561 724 617 764 nec
636 703 774 780 gentibus
794 700 860 759 ullis

116 805 233 874 credite,
255 824 312 864 nec
332 805 419 880 longe
439 805 563 862 satorum
583 803 718 877 exempla
738 808 881 874 petantur.

116 904 243 959 fraterno
264 897 349 975 primi
370 899 544 958 maduerunt
565 897 708 973 sanguine
729 895 821 954 muri:
1065 909 1102 967 95

116 1016 172 1056 nec
191 993 317 1072 pretium
338 993 412 1053 tanti
434 993 517 1052 tellus
538 1003 704 1069 pontusque
726 991 827 1050 suroris
995 1059 1028 1077 .,

117 1106 188 1154 tunc
208 1105 287 1153 erat:
316 1092 451 1170 exiguum
473 1092 611 1150 dominos
631 1089 778 1172 eornm-isit
799 1089 918 1163 asylum.
955 1065 1094 1157 ima-cl

7 1193 51 1282 ja
63 1164 139 1237 Ψ
155 1179 296 1265 'temporis
317 1187 432 1264 angusti
453 1189 559 1245 mansit
580 1185 739 1245 concordia
759 1184 878 1252 discors,

119 1305 234 1362 paxque
254 1284 309 1343 suit
329 1302 390 1342 non
412 1293 516 1358 sponte
537 1283 655 1341 ducum.
698 1300 767 1338 narn
788 1280 851 1338 sola
872 1274 959 1335 futuri

29 1382 87 1464 <sb
117 1383 239 1442 Crassus
260 1391 321 1439 erat
341 1378 411 1438 belli
432 1377 547 1437 medius
568 1396 656 1436 mora.
699 1375 824 1452 qualiter
844 1374 938 1432 undas
1049 1394 1104 1434 100

7 1437 35 1496 p
116 1477 166 1554 qui
188 1487 267 1536 secat
288 1487 317 1536 et
337 1474 486 1552 geminum
506 1473 620 1549 gracilis
641 1493 721 1533 mare
741 1484 854 1549 separat
878 1474 1014 1542 Isthmos,

116 1593 172 1633 nec
192 1573 300 1649 patitur
320 1573 450 1630 conferre
472 1573 597 1646 fretum3
625 1569 648 1629 si
669 1582 744 1630 terra
764 1569 889 1641 recedat,

46 1659 50 1663 ’
118 1671 235 1732 Ionium
256 1673 376 1745 Aegaeo
396 1671 509 1744 frangat
530 1688 627 1726 mare:
655 1667 706 1740 sic,
727 1668 778 1726 ubi
798 1686 885 1726 saeva

117 1787 197 1826 arma
218 1767 326 1826 ducum
347 1763 486 1824 dirimens
507 1763 674 1823 miserando
694 1765 796 1821 funere
818 1764 939 1822 Crassus

117 1861 248 1939 Assyrias
271 1860 356 1920 Latio
377 1859 532 1919 maculavit
553 1860 694 1936 sanguine
715 1862 826 1934 CarraS,

118 1958 253 2017 Parthica
273 1959 427 2015 Romanos
448 1957 595 2015 solverunt
616 1957 725 2015 damna
744 1958 863 2015 furores.

117 2054 183 2130 plus
204 2052 254 2111 illa
274 2051 359 2110 vobis
379 2050 442 2110 acie
463 2071 551 2127 quam
572 2051 689 2110 creditis
710 2062 809 2110 actum
830 2064 883 2125 est,

117 2147 293 2208 Arsacidae:
321 2149 431 2207 bellum
452 2146 536 2207 vietis
557 2145 644 2206 civile
664 2147 795 2207 dedistis.

116 2243 256 2305 dividitur
276 2245 350 2303 ferro
371 2263 501 2320 regnum,
523 2243 687 2320 populique
708 2245 836 2320 potentis

117 2360 192 2417 quae
213 2359 292 2399 mare
313 2358 389 2416 quae
409 2351 499 2399 terras
520 2359 596 2416 quae
617 2351 711 2400 totum
731 2342 863 2418 possidet
884 2344 984 2401 orbern
1049 2362 1104 2401 110

116 2457 176 2498 non
198 2437 276 2514 cepit
296 2439 412 2496 fortuna
432 2437 515 2496 duos.
558 2457 628 2497 nam
649 2439 771 2515 pignora
791 2438 882 2498 iuncti

118 2533 267 2611 sanguinis
288 2545 318 2593 et
338 2533 402 2592 diro
422 2535 525 2593 ferales
546 2535 646 2594 omine
668 2537 768 2595 taedas
890 2568 953 2624 ,xp

118 2629 238 2690 abstulit
258 2631 296 2689 ad
317 2649 420 2689 manes
442 2632 598 2690 Parcarum
621 2632 696 2713 Iulia
717 2651 804 2693 saeva
848 2578 904 2676 l*

116 2727 277 2803 intercepta
298 2745 394 2785 manu.
437 2728 518 2802 quod
539 2727 563 2787 si
585 2729 638 2788 tibi
659 2731 718 2788 sata
739 2731 890 2791 dedissent

117 2825 241 2884 maiores
262 2825 292 2882 in
313 2827 378 2884 luce
400 2844 505 2898 moras,
527 2837 558 2884 tu
579 2828 643 2887 sola
663 2829 790 2889 furentes

116 2918 186 2978 inde
206 2918 299 2977 virum
320 2930 436 2994 poteras
456 2930 545 2997 atque
566 2921 635 2979 hinc
654 2922 779 2983 retinere
800 2937 960 3000 parentem,

116 3026 300 3090 armatasque
321 3036 424 3076 manus
445 3036 569 3076 excusso
590 3017 707 3096 iungere
728 3021 812 3093 ferro,

118 3124 149 3173 ut
168 3132 293 3189 generos
313 3114 428 3173 mediae
449 3116 557 3175 soceris
578 3118 696 3177 iunxere
718 3117 850 3178 Sabinae.

117 3221 210 3268 morte
232 3220 281 3267 tua
301 3210 432 3270 discussa
452 3213 525 3271 fides
546 3213 714 3290 bellumque
735 3234 852 3274 movere

117 3307 290 3383 permissum
311 3307 442 3366 ducibus.
486 3309 618 3368 stimulos
640 3308 722 3368 dedit
742 3313 857 3369 aemula
877 3312 973 3372 virtus.
1049 3333 1104 3371 120

71 3394 96 3439 Γ
118 3420 159 3477 tu,
181 3424 258 3463 nova
279 3422 315 3462 ne
338 3416 450 3464 veteres
471 3406 629 3465 obscurent
649 3417 715 3465 acta
736 3407 907 3483 triumphos,
