2444 3772
343 846 391 908 Μ.
429 846 617 908 ΑΝΝΑΕΙ
653 844 835 911 LUCANI

367 1029 817 1103 PHARSALIAE

434 1258 562 1315 LIBER
591 1259 759 1327 PRIMUS.

104 1407 208 1464 Bnuun
228 1424 281 1482 per
301 1405 458 1465 Emathios
479 1407 544 1482 plus
565 1425 655 1482 quam
676 1404 771 1463 civilia
791 1424 913 1482 campos

104 1502 207 1579 iusque
227 1504 329 1562 datum
351 1501 453 1561 sceleri
473 1502 614 1574 canimus,
636 1503 837 1579 populumque
858 1511 1012 1578 potentem

104 1599 135 1657 in
155 1619 208 1658 sua
228 1599 340 1658 victrici
360 1618 534 1659 conversum
556 1599 669 1658 viscera
689 1601 799 1671 dextra,

104 1708 302 1773 cognatasque
324 1697 410 1770 aeica,
433 1706 464 1756 et
484 1708 571 1772 rupto
592 1697 710 1756 foedere
732 1698 812 1774 regni

105 1803 246 1852 certatum
267 1793 336 1852 totis
357 1793 494 1852 concussi
516 1792 623 1852 viribus
645 1793 723 1851 orbis

105 1888 134 1945 in
156 1907 313 1947 commune
333 1889 424 1959 nefas,
447 1887 619 1964 infestisque
639 1888 727 1947 obvia
748 1889 837 1965 signis

105 1983 197 2061 signa,
218 1987 303 2061 pares
324 1984 446 2061 aquilaS,
468 1985 498 2044 et
518 1984 578 2061 pila
598 1984 739 2043 minantia
759 1983 833 2060 pilis.

145 2081 210 2158 quis
230 2084 317 2153 furor,
340 2101 359 2141 o
380 2081 467 2154 cives,
490 2101 565 2157 quae
588 2091 668 2140 tanta
689 2080 807 2140 licentia
827 2080 892 2138 ferri

105 2177 240 2253 gentibus
262 2177 361 2236 invisis
383 2177 499 2236 Latium
521 2180 661 2253 praebere
681 2178 836 2235 cmorem?

104 2294 231 2352 cumque
277 2276 403 2351 superba
423 2276 496 2335 foret
519 2276 651 2351 Babylon
673 2275 826 2350 spolianda
847 2273 974 2350 tropaeis
1059 2290 1093 2331 10

105 2370 252 2443 Ausoniis,
274 2372 437 2447 umbraque
457 2382 564 2429 erraret
586 2373 709 2431 Crassus
729 2369 830 2440 inulta,

105 2469 184 2526 bella
203 2469 265 2543 geri
286 2469 396 2544 placuit
417 2469 512 2526 nullos
533 2465 667 2525 habitura
688 2465 870 2541 triumphos?

106 2565 163 2622 heu
184 2574 326 2639 quantum
347 2573 440 2622 terrae
461 2561 556 2638 potuit
577 2562 730 2638 pelagique
751 2560 845 2637 parari

107 2658 164 2716 hoc
184 2676 273 2734 quem
294 2657 394 2716 civiles
415 2658 574 2717 hauserunt
595 2656 735 2733 sanguine
756 2658 884 2726 dextrae,

106 2755 184 2814 unde
206 2754 285 2813 venit
306 2754 404 2827 Titan,
425 2766 453 2814 et
473 2773 532 2813 nox
553 2753 604 2812 ubi
625 2753 721 2812 sidera
741 2753 850 2823 condit,
1058 2770 1091 2828 15

106 2870 222 2927 quaque
243 2851 308 2911 dies
329 2851 442 2910 medius
464 2850 651 2926 flagrantibus
671 2860 785 2908 aestuat
806 2850 893 2920 horis,

107 2961 136 3008 et
156 2969 215 3025 qua
235 2951 339 3009 bruma
358 2947 455 3036 ΜΨ
476 2968 512 3006 ac
532 2947 631 3007 nescia
651 2967 717 3007 vere
739 2946 846 3007 remitti
879 2894 1024 3041 Μ
1032 2931 1129 2994 Q

106 3046 259 3122 adstringit
280 3044 417 3122 Scythico
437 3044 590 3120 glacialem
611 3044 715 3119 frigore
736 3053 868 3118 pontum.
955 3045 971 3077 ¹'
984 3003 1217 3135 “eff-“⁴'‘

106 3142 187 3201 sub
181 3163 247 3217 ruga
267 3141 325 3200 iam
346 3143 439 3212 Seres,
462 3140 520 3198 iam
541 3141 681 3199 barbarus
701 3139 770 3198 isset
792 3141 909 3208 Araxes

106 3249 135 3298 et
153 3259 225 3315 gens
246 3238 270 3298 si
290 3258 350 3314 qua
370 3238 446 3297 iacet
467 3235 599 3295 nascenti
619 3234 738 3294 conscia
759 3235 836 3293 Nilo.
1057 3253 1094 3293 πο

106 3346 175 3404 tum,
207 3333 231 3392 si
252 3344 351 3393 tantus
372 3352 455 3392 amor
475 3332 544 3391 belli
566 3330 627 3403 tibi,
651 3334 756 3402 Roma,
779 3330 908 3400 nefandi,

105 3441 198 3490 totum
220 3434 274 3491 sub
296 3431 394 3491 Latias
416 3432 495 3508 leges
527 3450 598 3490 cum
627 3429 749 3488 miseris
768 3429 893 3490 ornem,

1066 3523 1085 3553 x

180 3564 248 3610 wc,
