<?xml version="1.0" encoding="UTF-8"?>
<!DOCTYPE html PUBLIC "-//W3C//DTD XHTML 1.0 Transitional//EN"
    "http://www.w3.org/TR/xhtml1/DTD/xhtml1-transitional.dtd">
<html xmlns="http://www.w3.org/1999/xhtml" xml:lang="en" lang="en">
 <head>
  <title>
</title>
<meta http-equiv="Content-Type" content="text/html;charset=utf-8" />
  <meta name='ocr-system' content='tesseract 3.04.00' />
  <meta name='ocr-capabilities' content='ocr_page ocr_carea ocr_par ocr_line ocrx_word'/>
</head>
<body>
  <div class='ocr_page' id='page_1' title='image "./mannaeilucaniph02lucagoog_0043.png"; bbox 0 0 2444 3772; ppageno 0'>
   <div class='ocr_carea' id='block_1_1' title="bbox 135 181 859 242">
    <p class='ocr_par' dir='ltr' id='par_1_1' title="bbox 135 181 859 242">
     <span class='ocr_line' id='line_1_1' title="bbox 135 181 859 242; baseline -0.004 0"><span class='ocrx_word' id='word_1_1' title='bbox 135 185 171 242; x_wconf 83' lang='lat'><strong>16</strong></span> <span class='ocrx_word' id='word_1_2' title='bbox 399 183 444 240; x_wconf 88' lang='lat' dir='ltr'><strong>M.</strong></span> <span class='ocrx_word' id='word_1_3' title='bbox 473 181 660 241; x_wconf 86' lang='lat' dir='ltr'><em>ANNAEI</em></span> <span class='ocrx_word' id='word_1_4' title='bbox 680 182 859 242; x_wconf 86' lang='lat' dir='ltr'><em>LUCANI</em></span> 
     </span>
    </p>
   </div>
   <div class='ocr_carea' id='block_1_2' title="bbox 133 311 1121 584">
    <p class='ocr_par' dir='ltr' id='par_1_2' title="bbox 133 311 1121 584">
     <span class='ocr_line' id='line_1_2' title="bbox 133 311 1121 388; baseline -0.004 -14"><span class='ocrx_word' id='word_1_5' title='bbox 133 315 185 375; x_wconf 88' lang='lat' dir='ltr'><strong>dat</strong></span> <span class='ocrx_word' id='word_1_6' title='bbox 204 313 279 373; x_wconf 87' lang='lat' dir='ltr'><strong>vires</strong></span> <span class='ocrx_word' id='word_1_7' title='bbox 299 315 412 372; x_wconf 90' lang='lat' dir='ltr'><strong>famae:</strong></span> <span class='ocrx_word' id='word_1_8' title='bbox 440 313 580 387; x_wconf 91' lang='lat' dir='ltr'><strong>nulloque</strong></span> <span class='ocrx_word' id='word_1_9' title='bbox 602 322 721 369; x_wconf 88' lang='lat' dir='ltr'><strong>auctore</strong></span> <span class='ocrx_word' id='word_1_10' title='bbox 741 311 884 370; x_wconf 88' lang='lat' dir='ltr'><strong>malorum</strong></span> <span class='ocrx_word' id='word_1_11' title='bbox 1063 313 1121 388; x_wconf 85' lang='lat'><strong>485</strong></span> 
     </span>
     <span class='ocr_line' id='line_1_3' title="bbox 133 406 919 486; baseline -0.006 -17"><span class='ocrx_word' id='word_1_12' title='bbox 133 429 209 486; x_wconf 84' lang='lat' dir='ltr'><strong>quae</strong></span> <span class='ocrx_word' id='word_1_13' title='bbox 229 411 339 468; x_wconf 87' lang='lat' dir='ltr'>finxere</span> <span class='ocrx_word' id='word_1_14' title='bbox 360 407 473 468; x_wconf 90' lang='lat' dir='ltr'><strong>timent.</strong></span> <span class='ocrx_word' id='word_1_15' title='bbox 515 426 572 466; x_wconf 90' lang='lat' dir='ltr'><strong>nec</strong></span> <span class='ocrx_word' id='word_1_16' title='bbox 594 409 690 466; x_wconf 91' lang='lat' dir='ltr'><strong>solum</strong></span> <span class='ocrx_word' id='word_1_17' title='bbox 712 408 816 480; x_wconf 91' lang='lat' dir='ltr'><strong>vulgus</strong></span> <span class='ocrx_word' id='word_1_18' title='bbox 839 406 919 465; x_wconf 91' lang='lat' dir='ltr'><strong>inani</strong></span> 
     </span>
     <span class='ocr_line' id='line_1_4' title="bbox 133 501 862 584; baseline -0.01 -18"><span class='ocrx_word' id='word_1_19' title='bbox 133 508 298 584; x_wconf 89' lang='lat' dir='ltr'><strong>perculsum</strong></span> <span class='ocrx_word' id='word_1_20' title='bbox 319 516 428 565; x_wconf 90' lang='lat' dir='ltr'><strong>terrore</strong></span> <span class='ocrx_word' id='word_1_21' title='bbox 449 513 554 580; x_wconf 90' lang='lat' dir='ltr'><strong>pavet:</strong></span> <span class='ocrx_word' id='word_1_22' title='bbox 582 504 635 561; x_wconf 92' lang='lat' dir='ltr'><strong>sed</strong></span> <span class='ocrx_word' id='word_1_23' title='bbox 656 501 736 560; x_wconf 92' lang='lat' dir='ltr'><strong>curia</strong></span> <span class='ocrx_word' id='word_1_24' title='bbox 757 513 786 560; x_wconf 88' lang='lat' dir='ltr'><strong>et</strong></span> <span class='ocrx_word' id='word_1_25' title='bbox 807 502 862 578; x_wconf 93' lang='lat' dir='ltr'><strong>ipsi</strong></span> 
     </span>
    </p>
   </div>
   <div class='ocr_carea' id='block_1_3' title="bbox 117 598 1127 3466">
    <p class='ocr_par' dir='ltr' id='par_1_3' title="bbox 117 598 1127 3466">
     <span class='ocr_line' id='line_1_5' title="bbox 134 598 804 673; baseline -0.009 -11"><span class='ocrx_word' id='word_1_26' title='bbox 134 602 253 663; x_wconf 87' lang='lat' dir='ltr'><strong>sedibus</strong></span> <span class='ocrx_word' id='word_1_27' title='bbox 274 599 415 660; x_wconf 84' lang='lat' dir='ltr'><strong>exsiluere</strong></span> <span class='ocrx_word' id='word_1_28' title='bbox 437 602 538 658; x_wconf 88' lang='lat' dir='ltr'><strong>Patres</strong></span> <span class='ocrx_word' id='word_1_29' title='bbox 558 598 710 673; x_wconf 88' lang='lat' dir='ltr'><strong>invisaque</strong></span> <span class='ocrx_word' id='word_1_30' title='bbox 733 598 804 658; x_wconf 90' lang='lat' dir='ltr'><strong>belli</strong></span> 
     </span>
     <span class='ocr_line' id='line_1_6' title="bbox 133 694 871 770; baseline -0.007 -14"><span class='ocrx_word' id='word_1_31' title='bbox 133 696 302 756; x_wconf 90' lang='lat' dir='ltr'><strong>consulibus</strong></span> <span class='ocrx_word' id='word_1_32' title='bbox 323 694 436 770; x_wconf 80' lang='lat' dir='ltr'><strong>fugiens</strong></span> <span class='ocrx_word' id='word_1_33' title='bbox 458 694 580 752; x_wconf 88' lang='lat' dir='ltr'><strong>mandat</strong></span> <span class='ocrx_word' id='word_1_34' title='bbox 602 694 721 753; x_wconf 89' lang='lat' dir='ltr'><strong>decreta</strong></span> <span class='ocrx_word' id='word_1_35' title='bbox 745 706 871 753; x_wconf 87' lang='lat' dir='ltr'><strong>senatus.</strong></span> 
     </span>
     <span class='ocr_line' id='line_1_7' title="bbox 134 789 1121 867; baseline -0.003 -16"><span class='ocrx_word' id='word_1_36' title='bbox 134 804 205 851; x_wconf 91' lang='lat' dir='ltr'><strong>tunc</strong></span> <span class='ocrx_word' id='word_1_37' title='bbox 225 811 301 867; x_wconf 90' lang='lat' dir='ltr'><strong>quae</strong></span> <span class='ocrx_word' id='word_1_38' title='bbox 323 800 385 849; x_wconf 91' lang='lat' dir='ltr'><strong>tuta</strong></span> <span class='ocrx_word' id='word_1_39' title='bbox 405 799 508 866; x_wconf 89' lang='lat' dir='ltr'><strong>petant</strong></span> <span class='ocrx_word' id='word_1_40' title='bbox 528 799 558 848; x_wconf 90' lang='lat' dir='ltr'><strong>et</strong></span> <span class='ocrx_word' id='word_1_41' title='bbox 578 808 655 864; x_wconf 90' lang='lat' dir='ltr'><strong>quae</strong></span> <span class='ocrx_word' id='word_1_42' title='bbox 677 790 835 848; x_wconf 86' lang='lat' dir='ltr'><strong>metuenda</strong></span> <span class='ocrx_word' id='word_1_43' title='bbox 856 789 1021 866; x_wconf 87' lang='lat' dir='ltr'><strong>relinquant</strong></span> <span class='ocrx_word' id='word_1_44' title='bbox 1062 810 1121 865; x_wconf 90' lang='lat'><strong>490</strong></span> 
     </span>
     <span class='ocr_line' id='line_1_8' title="bbox 134 884 958 964; baseline -0.004 -18"><span class='ocrx_word' id='word_1_45' title='bbox 134 887 244 960; x_wconf 90' lang='lat' dir='ltr'><strong>incerti,</strong></span> <span class='ocrx_word' id='word_1_46' title='bbox 266 907 326 964; x_wconf 92' lang='lat' dir='ltr'><strong>quo</strong></span> <span class='ocrx_word' id='word_1_47' title='bbox 346 905 493 962; x_wconf 89' lang='lat' dir='ltr'><strong>quemque</strong></span> <span class='ocrx_word' id='word_1_48' title='bbox 514 887 599 961; x_wconf 88' lang='lat' dir='ltr'><strong>fugae</strong></span> <span class='ocrx_word' id='word_1_49' title='bbox 621 885 686 943; x_wconf 90' lang='lat' dir='ltr'><strong>tulit</strong></span> <span class='ocrx_word' id='word_1_50' title='bbox 707 884 833 962; x_wconf 92' lang='lat' dir='ltr'><strong>impetus</strong></span> <span class='ocrx_word' id='word_1_51' title='bbox 853 895 958 960; x_wconf 85' lang='lat' dir='ltr'><strong>urgent</strong></span> 
     </span>
     <span class='ocr_line' id='line_1_9' title="bbox 134 981 920 1063; baseline -0.004 -20"><span class='ocrx_word' id='word_1_52' title='bbox 134 983 323 1063; x_wconf 90' lang='lat' dir='ltr'><strong>praecipitem</strong></span> <span class='ocrx_word' id='word_1_53' title='bbox 344 984 487 1060; x_wconf 91' lang='lat' dir='ltr'><strong>populum</strong></span> <span class='ocrx_word' id='word_1_54' title='bbox 508 981 640 1058; x_wconf 87' lang='lat' dir='ltr'><strong>serieque</strong></span> <span class='ocrx_word' id='word_1_55' title='bbox 661 981 811 1042; x_wconf 86' lang='lat' dir='ltr'><strong>haerentia</strong></span> <span class='ocrx_word' id='word_1_56' title='bbox 831 984 920 1058; x_wconf 90' lang='lat' dir='ltr'><strong>longa</strong></span> 
     </span>
     <span class='ocr_line' id='line_1_10' title="bbox 134 1079 953 1157; baseline -0.004 -19"><span class='ocrx_word' id='word_1_57' title='bbox 134 1081 251 1157; x_wconf 83' lang='lat' dir='ltr'><strong>agmina</strong></span> <span class='ocrx_word' id='word_1_58' title='bbox 271 1088 472 1156; x_wconf 91' lang='lat' dir='ltr'><strong>prorumpunt.</strong></span> <span class='ocrx_word' id='word_1_59' title='bbox 517 1079 620 1136; x_wconf 88' lang='lat' dir='ltr'><strong>credas</strong></span> <span class='ocrx_word' id='word_1_60' title='bbox 641 1088 691 1136; x_wconf 90' lang='lat' dir='ltr'><strong>aut</strong></span> <span class='ocrx_word' id='word_1_61' title='bbox 712 1087 790 1136; x_wconf 85' lang='lat' dir='ltr'><strong>tecta</strong></span> <span class='ocrx_word' id='word_1_62' title='bbox 812 1079 953 1136; x_wconf 89' lang='lat' dir='ltr'><strong>nefandas</strong></span> 
     </span>
     <span class='ocr_line' id='line_1_11' title="bbox 134 1172 833 1252; baseline -0.009 -16"><span class='ocrx_word' id='word_1_63' title='bbox 134 1176 307 1252; x_wconf 88' lang='lat' dir='ltr'><strong>corripuisse</strong></span> <span class='ocrx_word' id='word_1_64' title='bbox 329 1177 406 1233; x_wconf 90' lang='lat' dir='ltr'><strong>faces</strong></span> <span class='ocrx_word' id='word_1_65' title='bbox 427 1184 478 1233; x_wconf 90' lang='lat' dir='ltr'><strong>aut</strong></span> <span class='ocrx_word' id='word_1_66' title='bbox 498 1173 556 1231; x_wconf 90' lang='lat' dir='ltr'><strong>iam</strong></span> <span class='ocrx_word' id='word_1_67' title='bbox 577 1172 727 1249; x_wconf 88' lang='lat' dir='ltr'><strong>quatiente</strong></span> <span class='ocrx_word' id='word_1_68' title='bbox 749 1173 833 1231; x_wconf 86' lang='lat' dir='ltr'><strong>ruina</strong></span> 
     </span>
     <span class='ocr_line' id='line_1_12' title="bbox 134 1270 1121 1348; baseline -0.004 -17"><span class='ocrx_word' id='word_1_69' title='bbox 134 1283 271 1331; x_wconf 89' lang='lat' dir='ltr'><strong>nutantes</strong></span> <span class='ocrx_word' id='word_1_70' title='bbox 293 1271 421 1348; x_wconf 87' lang='lat' dir='ltr'><strong>pendere</strong></span> <span class='ocrx_word' id='word_1_71' title='bbox 442 1272 566 1329; x_wconf 91' lang='lat' dir='ltr'><strong>domos:</strong></span> <span class='ocrx_word' id='word_1_72' title='bbox 594 1270 636 1329; x_wconf 89' lang='lat' dir='ltr'><strong>sic</strong></span> <span class='ocrx_word' id='word_1_73' title='bbox 657 1272 740 1329; x_wconf 89' lang='lat' dir='ltr'><strong>turba</strong></span> <span class='ocrx_word' id='word_1_74' title='bbox 760 1289 813 1346; x_wconf 89' lang='lat' dir='ltr'><strong>per</strong></span> <span class='ocrx_word' id='word_1_75' title='bbox 833 1272 935 1330; x_wconf 93' lang='lat' dir='ltr'><strong>urbem</strong></span> <span class='ocrx_word' id='word_1_76' title='bbox 1063 1287 1121 1348; x_wconf 84' lang='lat'><strong>495</strong></span> 
     </span>
     <span class='ocr_line' id='line_1_13' title="bbox 135 1366 893 1445; baseline -0.003 -18"><span class='ocrx_word' id='word_1_77' title='bbox 135 1366 285 1445; x_wconf 89' lang='lat' dir='ltr'><strong>praecipiti</strong></span> <span class='ocrx_word' id='word_1_78' title='bbox 307 1368 458 1443; x_wconf 90' lang='lat' dir='ltr'><strong>lymphata</strong></span> <span class='ocrx_word' id='word_1_79' title='bbox 477 1367 577 1442; x_wconf 90' lang='lat' dir='ltr'><strong>gradu,</strong></span> <span class='ocrx_word' id='word_1_80' title='bbox 600 1368 679 1424; x_wconf 90' lang='lat' dir='ltr'><strong>velut</strong></span> <span class='ocrx_word' id='word_1_81' title='bbox 699 1366 787 1425; x_wconf 90' lang='lat' dir='ltr'><strong>unica</strong></span> <span class='ocrx_word' id='word_1_82' title='bbox 807 1368 893 1426; x_wconf 91' lang='lat' dir='ltr'><strong>rebus</strong></span> 
     </span>
     <span class='ocr_line' id='line_1_14' title="bbox 135 1462 865 1542; baseline -0.004 -17"><span class='ocrx_word' id='word_1_83' title='bbox 135 1485 202 1542; x_wconf 89' lang='lat' dir='ltr'><strong>spes</strong></span> <span class='ocrx_word' id='word_1_84' title='bbox 222 1467 297 1524; x_wconf 91' lang='lat' dir='ltr'><strong>foret</strong></span> <span class='ocrx_word' id='word_1_85' title='bbox 317 1462 441 1522; x_wconf 89' lang='lat' dir='ltr'><strong>adflictis</strong></span> <span class='ocrx_word' id='word_1_86' title='bbox 462 1463 572 1539; x_wconf 88' lang='lat' dir='ltr'><strong>patrios</strong></span> <span class='ocrx_word' id='word_1_87' title='bbox 593 1463 736 1523; x_wconf 86' lang='lat' dir='ltr'><strong>excedere</strong></span> <span class='ocrx_word' id='word_1_88' title='bbox 758 1483 865 1534; x_wconf 86' lang='lat' dir='ltr'><strong>muros,</strong></span> 
     </span>
     <span class='ocr_line' id='line_1_15' title="bbox 135 1555 900 1636; baseline -0.008 -18"><span class='ocrx_word' id='word_1_89' title='bbox 135 1557 303 1621; x_wconf 90' lang='lat' dir='ltr'><strong>inconsulta</strong></span> <span class='ocrx_word' id='word_1_90' title='bbox 323 1561 389 1620; x_wconf 92' lang='lat' dir='ltr'><strong>ruit.</strong></span> <span class='ocrx_word' id='word_1_91' title='bbox 431 1557 526 1636; x_wconf 86' lang='lat' dir='ltr'><strong>qualis</strong></span> <span class='ocrx_word' id='word_1_92' title='bbox 547 1577 615 1618; x_wconf 92' lang='lat' dir='ltr'><strong>cum</strong></span> <span class='ocrx_word' id='word_1_93' title='bbox 637 1555 771 1616; x_wconf 90' lang='lat' dir='ltr'><strong>turbidus</strong></span> <span class='ocrx_word' id='word_1_94' title='bbox 792 1556 900 1613; x_wconf 90' lang='lat' dir='ltr'><strong>Auster</strong></span> 
     </span>
     <span class='ocr_line' id='line_1_16' title="bbox 135 1651 926 1734; baseline -0.01 -18"><span class='ocrx_word' id='word_1_95' title='bbox 135 1657 263 1734; x_wconf 88' lang='lat' dir='ltr'><strong>reppulit</strong></span> <span class='ocrx_word' id='word_1_96' title='bbox 283 1679 302 1717; x_wconf 88' lang='lat' dir='ltr'><strong>a</strong></span> <span class='ocrx_word' id='word_1_97' title='bbox 322 1655 442 1734; x_wconf 92' lang='lat' dir='ltr'><strong>Libycis</strong></span> <span class='ocrx_word' id='word_1_98' title='bbox 462 1655 640 1715; x_wconf 88' lang='lat' dir='ltr'><strong>immensum</strong></span> <span class='ocrx_word' id='word_1_99' title='bbox 661 1651 794 1730; x_wconf 92' lang='lat' dir='ltr'><strong>Syrtibus</strong></span> <span class='ocrx_word' id='word_1_100' title='bbox 814 1668 926 1726; x_wconf 87' lang='lat' dir='ltr'><strong>aequor</strong></span> 
     </span>
     <span class='ocr_line' id='line_1_17' title="bbox 135 1746 1125 1828; baseline 0.003 -21"><span class='ocrx_word' id='word_1_101' title='bbox 135 1750 284 1824; x_wconf 90' lang='lat' dir='ltr'><strong>fractaque</strong></span> <span class='ocrx_word' id='word_1_102' title='bbox 304 1746 414 1807; x_wconf 85' lang='lat' dir='ltr'><strong>veliferi</strong></span> <span class='ocrx_word' id='word_1_103' title='bbox 434 1759 595 1806; x_wconf 90' lang='lat' dir='ltr'><strong>sonuerunt</strong></span> <span class='ocrx_word' id='word_1_104' title='bbox 615 1749 747 1822; x_wconf 88' lang='lat' dir='ltr'><strong>pondera</strong></span> <span class='ocrx_word' id='word_1_105' title='bbox 769 1750 838 1808; x_wconf 90' lang='lat' dir='ltr'><strong>mali</strong></span> <span class='ocrx_word' id='word_1_106' title='bbox 1067 1768 1125 1828; x_wconf 85' lang='lat'><strong>500</strong></span> 
     </span>
     <span class='ocr_line' id='line_1_18' title="bbox 136 1843 822 1920; baseline 0 -17"><span class='ocrx_word' id='word_1_107' title='bbox 136 1844 234 1904; x_wconf 90' lang='lat' dir='ltr'><strong>desilit</strong></span> <span class='ocrx_word' id='word_1_108' title='bbox 253 1844 284 1903; x_wconf 90' lang='lat' dir='ltr'><strong>in</strong></span> <span class='ocrx_word' id='word_1_109' title='bbox 304 1845 409 1902; x_wconf 90' lang='lat' dir='ltr'><strong>fluctus</strong></span> <span class='ocrx_word' id='word_1_110' title='bbox 430 1843 543 1902; x_wconf 90' lang='lat' dir='ltr'><strong>deserta</strong></span> <span class='ocrx_word' id='word_1_111' title='bbox 565 1862 664 1919; x_wconf 93' lang='lat' dir='ltr'><strong>puppe</strong></span> <span class='ocrx_word' id='word_1_112' title='bbox 686 1845 822 1920; x_wconf 85' lang='lat' dir='ltr'><strong>magister</strong></span> 
     </span>
     <span class='ocr_line' id='line_1_19' title="bbox 136 1939 916 2018; baseline 0 -17"><span class='ocrx_word' id='word_1_113' title='bbox 136 1943 292 2018; x_wconf 88' lang='lat' dir='ltr'><strong>navitaque</strong></span> <span class='ocrx_word' id='word_1_114' title='bbox 314 1951 342 1999; x_wconf 91' lang='lat' dir='ltr'><strong>et</strong></span> <span class='ocrx_word' id='word_1_115' title='bbox 363 1939 495 1998; x_wconf 90' lang='lat' dir='ltr'><strong>nondum</strong></span> <span class='ocrx_word' id='word_1_116' title='bbox 517 1958 617 2014; x_wconf 91' lang='lat' dir='ltr'><strong>sparsa</strong></span> <span class='ocrx_word' id='word_1_117' title='bbox 637 1960 780 2018; x_wconf 86' lang='lat' dir='ltr'><strong>compage</strong></span> <span class='ocrx_word' id='word_1_118' title='bbox 801 1944 916 2003; x_wconf 90' lang='lat' dir='ltr'><strong>carinae</strong></span> 
     </span>
     <span class='ocr_line' id='line_1_20' title="bbox 137 2036 927 2114; baseline 0.005 -18"><span class='ocrx_word' id='word_1_119' title='bbox 137 2036 317 2114; x_wconf 82' lang='lat' dir='ltr'><strong>naufragium</strong></span> <span class='ocrx_word' id='word_1_120' title='bbox 339 2036 393 2096; x_wconf 89' lang='lat' dir='ltr'><strong>sibi</strong></span> <span class='ocrx_word' id='word_1_121' title='bbox 414 2036 538 2112; x_wconf 91' lang='lat' dir='ltr'><strong>quisque</strong></span> <span class='ocrx_word' id='word_1_122' title='bbox 558 2037 645 2096; x_wconf 90' lang='lat' dir='ltr'><strong>facit:</strong></span> <span class='ocrx_word' id='word_1_123' title='bbox 673 2039 715 2098; x_wconf 90' lang='lat' dir='ltr'><strong>sic</strong></span> <span class='ocrx_word' id='word_1_124' title='bbox 736 2042 807 2099; x_wconf 90' lang='lat' dir='ltr'><strong>urbe</strong></span> <span class='ocrx_word' id='word_1_125' title='bbox 827 2042 927 2100; x_wconf 89' lang='lat' dir='ltr'><strong>relicta</strong></span> 
     </span>
     <span class='ocr_line' id='line_1_21' title="bbox 137 2132 935 2211; baseline 0.004 -17"><span class='ocrx_word' id='word_1_126' title='bbox 137 2136 167 2194; x_wconf 91' lang='lat' dir='ltr'><strong>in</strong></span> <span class='ocrx_word' id='word_1_127' title='bbox 188 2136 297 2194; x_wconf 90' lang='lat' dir='ltr'><strong>bellum</strong></span> <span class='ocrx_word' id='word_1_128' title='bbox 319 2132 431 2209; x_wconf 91' lang='lat' dir='ltr'><strong>fugitur.</strong></span> <span class='ocrx_word' id='word_1_129' title='bbox 474 2134 587 2191; x_wconf 90' lang='lat' dir='ltr'><strong>nullum</strong></span> <span class='ocrx_word' id='word_1_130' title='bbox 608 2134 666 2192; x_wconf 90' lang='lat' dir='ltr'><strong>iarn</strong></span> <span class='ocrx_word' id='word_1_131' title='bbox 686 2137 841 2211; x_wconf 88' lang='lat' dir='ltr'><strong>languidus</strong></span> <span class='ocrx_word' id='word_1_132' title='bbox 861 2158 935 2197; x_wconf 90' lang='lat' dir='ltr'><strong>aevo</strong></span> 
     </span>
     <span class='ocr_line' id='line_1_22' title="bbox 138 2229 1124 2313; baseline 0.001 -21"><span class='ocrx_word' id='word_1_133' title='bbox 138 2230 245 2292; x_wconf 91' lang='lat' dir='ltr'><strong>evaluit</strong></span> <span class='ocrx_word' id='word_1_134' title='bbox 266 2248 402 2289; x_wconf 90' lang='lat' dir='ltr'><strong>revocare</strong></span> <span class='ocrx_word' id='word_1_135' title='bbox 423 2248 528 2304; x_wconf 91' lang='lat' dir='ltr'><strong>parens</strong></span> <span class='ocrx_word' id='word_1_136' title='bbox 549 2229 714 2289; x_wconf 90' lang='lat' dir='ltr'><strong>coniunxve</strong></span> <span class='ocrx_word' id='word_1_137' title='bbox 735 2232 870 2291; x_wconf 91' lang='lat' dir='ltr'><strong>maritum</strong></span> <span class='ocrx_word' id='word_1_138' title='bbox 1067 2253 1124 2313; x_wconf 85' lang='lat'><strong>505</strong></span> 
     </span>
     <span class='ocr_line' id='line_1_23' title="bbox 137 2325 861 2401; baseline 0 -15"><span class='ocrx_word' id='word_1_139' title='bbox 137 2329 252 2388; x_wconf 87' lang='lat' dir='ltr'><strong>fletibus</strong></span> <span class='ocrx_word' id='word_1_140' title='bbox 273 2336 324 2384; x_wconf 91' lang='lat' dir='ltr'><strong>aut</strong></span> <span class='ocrx_word' id='word_1_141' title='bbox 345 2325 429 2401; x_wconf 88' lang='lat' dir='ltr'><strong>patrii</strong></span> <span class='ocrx_word' id='word_1_142' title='bbox 451 2325 557 2385; x_wconf 88' lang='lat' dir='ltr'><strong>dubiae</strong></span> <span class='ocrx_word' id='word_1_143' title='bbox 579 2326 649 2384; x_wconf 91' lang='lat' dir='ltr'><strong>dum</strong></span> <span class='ocrx_word' id='word_1_144' title='bbox 671 2338 739 2385; x_wconf 87' lang='lat' dir='ltr'><strong>vota</strong></span> <span class='ocrx_word' id='word_1_145' title='bbox 761 2328 861 2386; x_wconf 88' lang='lat' dir='ltr'><strong>salutis</strong></span> 
     </span>
     <span class='ocr_line' id='line_1_24' title="bbox 138 2421 979 2499; baseline 0 -17"><span class='ocrx_word' id='word_1_146' title='bbox 138 2421 328 2499; x_wconf 90' lang='lat' dir='ltr'><strong>conciperent</strong></span> <span class='ocrx_word' id='word_1_147' title='bbox 349 2430 468 2479; x_wconf 90' lang='lat' dir='ltr'><strong>tenuere</strong></span> <span class='ocrx_word' id='word_1_148' title='bbox 490 2423 599 2479; x_wconf 88' lang='lat' dir='ltr'><strong>Lares:</strong></span> <span class='ocrx_word' id='word_1_149' title='bbox 626 2442 682 2480; x_wconf 93' lang='lat' dir='ltr'><strong>nec</strong></span> <span class='ocrx_word' id='word_1_150' title='bbox 703 2422 802 2481; x_wconf 91' lang='lat' dir='ltr'><strong>limine</strong></span> <span class='ocrx_word' id='word_1_151' title='bbox 823 2423 979 2499; x_wconf 90' lang='lat' dir='ltr'><strong>quisquam</strong></span> 
     </span>
     <span class='ocr_line' id='line_1_25' title="bbox 138 2517 899 2579; baseline 0.001 -2"><span class='ocrx_word' id='word_1_152' title='bbox 138 2519 232 2578; x_wconf 89' lang='lat' dir='ltr'><strong>haesit</strong></span> <span class='ocrx_word' id='word_1_153' title='bbox 253 2529 282 2577; x_wconf 90' lang='lat' dir='ltr'><strong>et</strong></span> <span class='ocrx_word' id='word_1_154' title='bbox 303 2528 431 2576; x_wconf 90' lang='lat' dir='ltr'><strong>extremo</strong></span> <span class='ocrx_word' id='word_1_155' title='bbox 453 2527 523 2575; x_wconf 93' lang='lat' dir='ltr'><strong>tunc</strong></span> <span class='ocrx_word' id='word_1_156' title='bbox 543 2517 663 2577; x_wconf 90' lang='lat' dir='ltr'><strong>forsitan</strong></span> <span class='ocrx_word' id='word_1_157' title='bbox 685 2519 763 2578; x_wconf 94' lang='lat' dir='ltr'><strong>urbis</strong></span> <span class='ocrx_word' id='word_1_158' title='bbox 784 2531 899 2579; x_wconf 87' lang='lat' dir='ltr'><strong>amatae</strong></span> 
     </span>
     <span class='ocr_line' id='line_1_26' title="bbox 138 2614 850 2694; baseline -0.003 -18"><span class='ocrx_word' id='word_1_159' title='bbox 138 2620 242 2694; x_wconf 91' lang='lat' dir='ltr'><strong>plenus</strong></span> <span class='ocrx_word' id='word_1_160' title='bbox 263 2615 325 2675; x_wconf 89' lang='lat' dir='ltr'><strong>abit</strong></span> <span class='ocrx_word' id='word_1_161' title='bbox 346 2614 426 2674; x_wconf 92' lang='lat' dir='ltr'><strong>visu:</strong></span> <span class='ocrx_word' id='word_1_162' title='bbox 453 2615 509 2675; x_wconf 91' lang='lat' dir='ltr'><strong>ruit</strong></span> <span class='ocrx_word' id='word_1_163' title='bbox 530 2615 718 2675; x_wconf 89' lang='lat' dir='ltr'><strong>irrevocabile</strong></span> <span class='ocrx_word' id='word_1_164' title='bbox 740 2618 850 2692; x_wconf 87' lang='lat' dir='ltr'><strong>vulgus.</strong></span> 
     </span>
     <span class='ocr_line' id='line_1_27' title="bbox 139 2712 1127 2790; baseline -0.001 -18"><span class='ocrx_word' id='word_1_165' title='bbox 139 2734 157 2773; x_wconf 96' lang='lat' dir='ltr'><strong>o</strong></span> <span class='ocrx_word' id='word_1_166' title='bbox 177 2713 277 2772; x_wconf 86' lang='lat' dir='ltr'><strong>faciles</strong></span> <span class='ocrx_word' id='word_1_167' title='bbox 298 2712 367 2770; x_wconf 88' lang='lat' dir='ltr'><strong>dare</strong></span> <span class='ocrx_word' id='word_1_168' title='bbox 388 2730 501 2769; x_wconf 90' lang='lat' dir='ltr'><strong>summa</strong></span> <span class='ocrx_word' id='word_1_169' title='bbox 521 2714 594 2771; x_wconf 91' lang='lat' dir='ltr'><strong>deos</strong></span> <span class='ocrx_word' id='word_1_170' title='bbox 615 2713 778 2787; x_wconf 87' lang='lat' dir='ltr'><strong>eademque</strong></span> <span class='ocrx_word' id='word_1_171' title='bbox 800 2713 872 2771; x_wconf 89' lang='lat' dir='ltr'><strong>tueri</strong></span> <span class='ocrx_word' id='word_1_172' title='bbox 1069 2732 1127 2790; x_wconf 84' lang='lat'><strong>510</strong></span> 
     </span>
     <span class='ocr_line' id='line_1_28' title="bbox 139 2805 916 2881; baseline -0.003 -14"><span class='ocrx_word' id='word_1_173' title='bbox 139 2806 279 2868; x_wconf 86' lang='lat' dir='ltr'><strong>difficiles</strong></span> <span class='ocrx_word' id='word_1_174' title='bbox 310 2806 414 2864; x_wconf 91' lang='lat' dir='ltr'><strong>urbem</strong></span> <span class='ocrx_word' id='word_1_175' title='bbox 434 2805 551 2880; x_wconf 90' lang='lat' dir='ltr'><strong>populis</strong></span> <span class='ocrx_word' id='word_1_176' title='bbox 572 2805 713 2880; x_wconf 91' lang='lat' dir='ltr'><strong>victisque</strong></span> <span class='ocrx_word' id='word_1_177' title='bbox 734 2808 916 2881; x_wconf 89' lang='lat' dir='ltr'><strong>frequentem</strong></span> 
     </span>
     <span class='ocr_line' id='line_1_29' title="bbox 138 2898 874 2982; baseline 0 -19"><span class='ocrx_word' id='word_1_178' title='bbox 138 2904 274 2982; x_wconf 89' lang='lat' dir='ltr'><strong>gentibus</strong></span> <span class='ocrx_word' id='word_1_179' title='bbox 295 2913 325 2962; x_wconf 91' lang='lat' dir='ltr'><strong>et</strong></span> <span class='ocrx_word' id='word_1_180' title='bbox 344 2898 458 2978; x_wconf 90' lang='lat' dir='ltr'><strong>generis</strong></span> <span class='ocrx_word' id='word_1_181' title='bbox 479 2911 564 2960; x_wconf 91' lang='lat' dir='ltr'><strong>coeat</strong></span> <span class='ocrx_word' id='word_1_182' title='bbox 584 2902 608 2959; x_wconf 88' lang='lat' dir='ltr'><strong>si</strong></span> <span class='ocrx_word' id='word_1_183' title='bbox 629 2904 714 2960; x_wconf 88' lang='lat' dir='ltr'><strong>turba</strong></span> <span class='ocrx_word' id='word_1_184' title='bbox 734 2923 874 2978; x_wconf 89' lang='lat' dir='ltr'><strong>capacem</strong></span> 
     </span>
     <span class='ocr_line' id='line_1_30' title="bbox 138 3000 847 3077; baseline -0.006 -15"><span class='ocrx_word' id='word_1_185' title='bbox 138 3003 258 3063; x_wconf 86' lang='lat' dir='ltr'><strong>humani</strong></span> <span class='ocrx_word' id='word_1_186' title='bbox 279 3000 394 3060; x_wconf 88' lang='lat' dir='ltr'><strong>facilem</strong></span> <span class='ocrx_word' id='word_1_187' title='bbox 415 3009 537 3059; x_wconf 89' lang='lat' dir='ltr'><strong>venturo</strong></span> <span class='ocrx_word' id='word_1_188' title='bbox 558 3001 684 3059; x_wconf 88' lang='lat' dir='ltr'><strong>Caesare</strong></span> <span class='ocrx_word' id='word_1_189' title='bbox 708 3001 847 3077; x_wconf 89' lang='lat' dir='ltr'><strong>praedam</strong></span> 
     </span>
     <span class='ocr_line' id='line_1_31' title="bbox 139 3095 957 3178; baseline -0.006 -17"><span class='ocrx_word' id='word_1_190' title='bbox 139 3102 261 3178; x_wconf 91' lang='lat' dir='ltr'><strong>ignavae</strong></span> <span class='ocrx_word' id='word_1_191' title='bbox 282 3095 391 3172; x_wconf 90' lang='lat' dir='ltr'><strong>liquere</strong></span> <span class='ocrx_word' id='word_1_192' title='bbox 412 3115 524 3154; x_wconf 76' lang='lat' dir='ltr'><strong>manua.</strong></span> <span class='ocrx_word' id='word_1_193' title='bbox 590 3115 657 3154; x_wconf 87' lang='lat' dir='ltr'><strong>curn</strong></span> <span class='ocrx_word' id='word_1_194' title='bbox 677 3116 792 3171; x_wconf 89' lang='lat' dir='ltr'><strong>pressus</strong></span> <span class='ocrx_word' id='word_1_195' title='bbox 814 3098 853 3155; x_wconf 90' lang='lat' dir='ltr'><strong>ab</strong></span> <span class='ocrx_word' id='word_1_196' title='bbox 873 3097 957 3156; x_wconf 86' lang='lat' dir='ltr'><strong>hoste</strong></span> 
     </span>
     <span class='ocr_line' id='line_1_32' title="bbox 139 3189 1127 3272; baseline -0.001 -18"><span class='ocrx_word' id='word_1_197' title='bbox 139 3193 283 3254; x_wconf 90' lang='lat' dir='ltr'><strong>clauditur</strong></span> <span class='ocrx_word' id='word_1_198' title='bbox 303 3189 428 3250; x_wconf 85' lang='lat' dir='ltr'><strong>externis</strong></span> <span class='ocrx_word' id='word_1_199' title='bbox 448 3189 532 3249; x_wconf 92' lang='lat' dir='ltr'><strong>miles</strong></span> <span class='ocrx_word' id='word_1_200' title='bbox 554 3192 707 3249; x_wconf 91' lang='lat' dir='ltr'><strong>Romanus</strong></span> <span class='ocrx_word' id='word_1_201' title='bbox 728 3189 757 3248; x_wconf 92' lang='lat' dir='ltr'><strong>in</strong></span> <span class='ocrx_word' id='word_1_202' title='bbox 779 3191 845 3264; x_wconf 92' lang='lat' dir='ltr'><strong>oris,</strong></span> <span class='ocrx_word' id='word_1_203' title='bbox 1068 3210 1127 3272; x_wconf 75' lang='lat'><strong>515</strong></span> 
     </span>
     <span class='ocr_line' id='line_1_33' title="bbox 140 3289 783 3366; baseline 0 -16"><span class='ocrx_word' id='word_1_204' title='bbox 140 3290 241 3366; x_wconf 88' lang='lat' dir='ltr'><strong>effugit</strong></span> <span class='ocrx_word' id='word_1_205' title='bbox 261 3289 366 3365; x_wconf 86' lang='lat' dir='ltr'><strong>exiguo</strong></span> <span class='ocrx_word' id='word_1_206' title='bbox 386 3300 530 3348; x_wconf 89' lang='lat' dir='ltr'><strong>nocturna</strong></span> <span class='ocrx_word' id='word_1_207' title='bbox 549 3289 677 3365; x_wconf 89' lang='lat' dir='ltr'><strong>pericula</strong></span> <span class='ocrx_word' id='word_1_208' title='bbox 697 3292 783 3361; x_wconf 88' lang='lat' dir='ltr'><strong>vall0,</strong></span> 
     </span>
     <span class='ocr_line' id='line_1_34' title="bbox 117 3385 825 3466; baseline 0.01 -27"><span class='ocrx_word' id='word_1_209' title='bbox 117 3392 152 3434; x_wconf 87' lang='lat' dir='ltr'><strong>et</strong></span> <span class='ocrx_word' id='word_1_210' title='bbox 168 3385 292 3442; x_wconf 79' lang='lat' dir='ltr'><strong>subitus</strong></span> <span class='ocrx_word' id='word_1_211' title='bbox 309 3386 392 3462; x_wconf 84' lang='lat' dir='ltr'><strong>rapti</strong></span> <span class='ocrx_word' id='word_1_212' title='bbox 411 3385 579 3448; x_wconf 82' lang='lat' dir='ltr'><strong>munimine</strong></span> <span class='ocrx_word' id='word_1_213' title='bbox 590 3387 728 3466; x_wconf 80' lang='lat' dir='ltr'><strong>caespitis</strong></span> <span class='ocrx_word' id='word_1_214' title='bbox 739 3407 825 3466; x_wconf 82' lang='lat' dir='ltr'><strong>agger</strong></span> 
     </span>
    </p>
   </div>
   <div class='ocr_carea' id='block_1_4' title="bbox 0 0 1234 3772">
    <p class='ocr_par' dir='ltr' id='par_1_4' title="bbox 0 0 1234 3772">
     <span class='ocr_line' id='line_1_35' title="bbox 0 0 1234 3772; baseline 0 0"><span class='ocrx_word' id='word_1_215' title='bbox 0 0 1234 3772; x_wconf 95' lang='lat' dir='ltr'><strong> </strong></span> 
     </span>
    </p>
   </div>
  </div>
 </body>
</html>
