2444 3772
375 210 665 270 PHARSALIAE
692 215 775 271 ΠΒ.
797 215 830 272 -L

110 342 229 415 praebet
251 358 368 400 securos
388 340 464 400 intra
483 341 609 400 tentoria
630 342 768 400 somnos:
852 390 855 395 ⁴
943 343 946 348 '
1018 343 1021 350 ’

109 431 139 493 tu
161 446 274 496 tantum
294 435 396 496 audito
415 436 565 496 bellorum¹
579 435 706 509 nomine,
730 440 838 511 Roma,
883 438 886 445 '
923 438 927 493 ἶ

108 532 267 605 desereris3
293 552 353 591 nox
364 532 437 591 :un'a'
452 532 509 592 tuis
529 551 590 591 non
610 532 721 592 credita
742 532 837 592 muris.

107 627 207 685 danda
227 637 325 686 tamen
346 628 433 687 venia
452 638 497 687 est
517 637 664 687 tantorum
687 628 786 686 danda
806 647 965 704 pavorum.

108 721 251 799 Pompeio
272 722 400 800 fugiente
420 722 532 782 timent.
576 733 637 781 turn
659 742 696 781 ne
716 742 776 799 qua
795 723 883 782 futuri
981 725 984 731 ’

107 837 175 894 spes
194 819 297 877 saltem
319 817 446 894 trepidas
467 830 580 877 mentes
601 819 678 877 levet
698 819 800 878 addita
822 819 872 879 fati
925 887 929 895 y

106 910 213 988 peioris
233 912 387 972 manifesta
406 914 480 973 fides
500 913 655 990 superique
676 914 806 975 minaces

106 1006 245 1083 prodigiis
266 1019 355 1068 terras
377 1008 533 1085 implerunt
553 1003 672 1070 aethera
690 1021 823 1086 pontum.

106 1101 206 1178 ignota
226 1106 367 1167 obscurae
388 1103 522 1164 viderunt
543 1104 638 1166 sidera
658 1117 769 1180 noctes,

106 1197 315 1275 ardentemque
336 1201 437 1275 polum
459 1201 592 1273 fiammis,
614 1202 755 1279 caeloque
776 1203 910 1262 volantes

105 1293 239 1370 obliquas
259 1315 312 1372 per
332 1295 420 1356 inane
439 1298 527 1370 faces,
548 1298 718 1374 crinemque
738 1298 861 1358 timendi

106 1391 207 1450 sideris
224 1403 257 1452 et
277 1392 361 1452 terris
380 1403 543 1452 mutantem
563 1412 652 1470 regna
671 1405 815 1454 cometen.

104 1489 217 1565 fulgura
236 1489 330 1548 fallaci
351 1488 514 1548 micuerunt
534 1492 635 1550 crebra
655 1508 767 1564 sereno,
867 1537 868 1540 η

43 1592 46 1597 ’
104 1593 134 1642 et
153 1583 246 1642 varias
267 1584 342 1660 ignis
362 1583 464 1644 denso'
477 1585 559 1644 dedit
579 1588 645 1644 a'e‘re
665 1588 790 1645 formas:

103 1698 182 1737 nunc
202 1679 328 1739 iaculum
348 1682 439 1757 longo
460 1701 538 1741 nunc
560 1701 660 1756 sparso
681 1682 792 1742 lumine
813 1685 925 1759 lampas

104 1774 222 1834 emicuit
242 1778 331 1835 caelo.
376 1777 495 1835 tacitum
517 1776 580 1836 sine
601 1777 727 1836 nubibus
747 1773 817 1837 ullis

103 1872 210 1928 fulmen
234 1882 263 1930 et
283 1871 399 1931 Arctois
420 1872 536 1948 rapiens
557 1892 572 1932 e
593 1873 724 1949 partibus
745 1875 841 1950 ignem

103 1966 244 2042 percussit
266 1968 378 2026 Latiale
398 1981 505 2044 caput:
535 1970 693 2046 stellaeque
715 1970 842 2030 minores

102 2082 154 2138 per
174 2082 297 2122 vacuum
319 2064 422 2124 solitae
442 2065 538 2124 noctis
558 2067 710 2126 decurrere
732 2077 849 2143 tempus

101 2161 131 2220 in
152 2161 281 2222 medium
302 2183 407 2224 venere
428 2162 525 2224 diem:
551 2185 704 2242 comuque
724 2179 830 2227 coacto

101 2256 158 2316 iarn
180 2261 299 2320 Phoebe
320 2271 383 2320 toto
404 2263 520 2321 fratrem
552 2282 620 2322 cnm
652 2264 788 2323 redderet
808 2267 879 2323 orbe

101 2365 239 2414 terramm
261 2356 356 2416 subita
376 2377 514 2434 percussa
534 2358 673 2436 expalluit
693 2361 803 2418 umbra.

100 2451 162 2527 ipse
183 2464 272 2528 caput
292 2454 499 2514 mediolitan
531 2473 599 2513 cum
632 2443 718 2516 ferret
739 2458 867 2534 Olympo

99 2549 232 2608 condidit
253 2551 392 2611 ardentes·
409 2562 472 2610 atra
492 2551 616 2628 caligine
636 2572 747 2611 currus

99 2645 279 2723 involvitque
299 2650 401 2708 orbem
421 2649 549 2709 tenebris
568 2660 730 2724 gentesque
750 2649 847 2725 coegit
927 2681 929 2684 ⁴

98 2745 251 2821 desperare
272 2745 370 2806 diem:
397 2734 514 2823 qualem
536 2745 663 2822 fugiente
684 2765 737 2821 per
756 2757 836 2805 ortus

98 2842 160 2899 sole
180 2841 346 2917 Thyesteae
367 2853 483 2901 noctem
505 2844 615 2901 duxere
638 2843 791 2918 Mycenae.

97 2954 148 2994 ora
168 2938 249 2996 ferox
269 2938 382 2998 Siculae
403 2939 510 2998 laxavit
531 2938 680 2997 Mulciber
699 2940 813 2996 Aetnae
824 2957 831 3007 ;

97 3048 154 3090 nec
173 3032 238 3091 tulit
259 3033 288 3091 in
309 3022 423 3092 caelum
443 3035 576 3092 flammas
597 3034 648 3092 sed
669 3033 777 3091 vertice
798 3051 907 3108 prono.

96 3113 171 3202 ighis
191 3127 221 3186 in
243 3129 420 3206 Hesperium
440 3129 547 3189 cecidit
568 3132 651 3189 latus.
692 3140 756 3188 atra
776 3116 940 3205 Charybdis
1016 3167 1017 3170 =

96 3226 287 3302 sanguineum
307 3226 399 3288 fundo
419 3226 502 3287 torsit
522 3245 609 3285 mare.
651 3225 747 3285 flebile
768 3225 847 3284 saevi

96 3321 235 3382 latravere
254 3339 352 3382 canes.
381 3321 506 3382 uenali
525 3309 630 3398 raptus.
645 3323 684 3381 ab
706 3340 756 3379 ara

94 3412 188 3493 ignis3
214 3425 245 3475 et
264 3414 424 3479 ostendeus
444 3416 601 3483 cometus
618 3416 749 3476 hamma
762 3411 902 3472 &annas
937 3442 951 3448 ··
1001 3437 1027 3441 ··
1064 3410 1131 3461 ‘³3¹³

159 3539 232 3587 HIC·
1058 3507 1082 3540 Ἄ
