2444 3772
368 185 658 244 PHARSALIAE
684 185 768 242 LIB.
797 185 824 241 L
1056 201 1090 260 1⁵

103 319 172 379 solis
193 338 281 379 nosse
302 318 375 377 deos
396 328 426 378 et
447 317 520 375 caeli
541 315 662 375 numina
682 315 767 375 vobis

101 427 152 474 aut
172 415 242 474 solis
262 413 374 474 nescire
395 415 516 473 datum:
544 433 665 472 nemora
685 415 744 472 alta
764 411 883 472 remotis

102 510 229 570 incolitis
248 509 339 569 lucis:
366 510 450 570 vobis
471 510 638 569 auctoribus
659 512 779 570 umbrae

103 627 164 666 non
184 606 287 665 tacitas
309 606 397 666 Erebi
418 608 504 665 sedes
525 605 662 682 Ditisque
683 607 821 682 profundi
1032 624 1088 682 455

103 704 213 781 pallida
232 723 322 778 regna
341 713 465 779 petunt:
491 701 564 778 regit
585 702 664 761 idem
685 703 802 779 spiritus
823 714 901 763 artus

103 803 174 861 orbe
194 800 272 859 alio:
298 795 549 876 longae—canitis
570 798 595 858 si
615 798 853 875 cognita—vitae

104 919 183 958 mors
202 898 301 958 media
319 910 372 958 est
414 909 493 958 certe
514 897 617 974 populi
637 918 712 974 quos
733 897 858 976 despicit
878 901 985 959 Arctos

104 996 203 1055 felices
223 1014 319 1055 errore
339 1015 392 1055 suo
414 1015 489 1072 quos
509 995 559 1055 ille
579 994 716 1055 timorum

105 1091 248 1151 maximus
267 1092 349 1151 haud
368 1103 451 1168 urget
471 1092 521 1151 leti
542 1103 645 1151 metus.
691 1092 762 1152 inde
782 1093 886 1153 ruendi
1036 1097 1094 1166 460

105 1187 136 1244 in
155 1187 262 1246 serrum
282 1205 366 1244 mens
386 1204 480 1261 prona
500 1184 567 1244 viris
588 1184 762 1261 animaeque
785 1205 910 1262 capaces

99 1281 207 1343 ‘mortis
228 1294 258 1342 et
278 1281 416 1358 ignavum
436 1281 581 1340 rediturae
603 1299 722 1358 parcere
743 1282 828 1342 vitae.

106 1390 136 1440 et
156 1399 209 1439 vos
229 1378 379 1455 cirrigeros
399 1378 484 1438 bellis
504 1398 603 1439 arcere
625 1380 741 1454 Caycos

106 1475 234 1553 oppositi
253 1474 353 1552 petitis
374 1477 503 1534 Romam
526 1474 684 1550 Rhenique
704 1478 817 1534 seroces

106 1571 238 1631 deseritis
259 1570 336 1647 ripas
356 1581 386 1630 et
406 1582 539 1647 apertum
561 1570 698 1647 gentibus
720 1572 831 1629 orbem.

146 1670 256 1729 Caesar
274 1679 307 1726 ut
327 1669 488 1726 immensae
509 1667 635 1725 collecto
656 1666 761 1724 robore
782 1665 857 1724 vires

106 1769 234 1829 audendi
255 1767 366 1827 maiora
385 1768 475 1826 fidem
496 1767 593 1825 secere
613 1784 665 1841 per
685 1784 805 1823 omnem

107 1864 249 1943 spargitur
269 1864 386 1923 Italiam
407 1862 563 1937 vicinaque
583 1859 702 1919 moenia
722 1861 859 1935 complet

107 1983 182 2022 vana
202 1982 321 2039 quoque
341 1961 381 2020 ad
400 1980 485 2019 veros
506 1958 631 2018 accessit
651 1960 728 2017 lama
749 1957 868 2016 timores

107 2059 267 2136 irrupitque
287 2057 402 2117 animos
423 2058 524 2134 populi
545 2057 721 2131 clademque
741 2057 866 2114 futuram

107 2155 204 2215 intulit
225 2166 254 2214 et
274 2156 361 2214 velox
380 2153 564 2230 properantis
584 2152 688 2211 nuntia
707 2152 778 2212 belli

107 2250 274 2310 innumeras
294 2249 381 2309 solvit
401 2248 474 2307 salsa
493 2247 525 2305 in
545 2247 704 2324 praeconia
722 2247 844 2323 linguas.

107 2347 222 2424 estqui
243 2346 384 2406 tauriferis
405 2346 455 2405 ubi
476 2365 507 2404 se
531 2345 671 2404 Mevania
691 2345 804 2420 campis

107 2443 234 2519 explicat
254 2443 381 2502 audaces
403 2461 485 2500 ruere
506 2441 536 2499 in
558 2439 718 2500 certamina
739 2450 847 2498 turmas

106 2541 226 2612 adferat,
248 2550 358 2615 etqua
378 2541 441 2597 Nar
460 2538 601 2598 Tiberino
622 2537 750 2596 illabitur
773 2537 853 2596 amni

108 2635 275 2695 barbaricas
296 2635 375 2694 saevi
397 2634 557 2694 discurrere
579 2633 714 2694 Caesaris
734 2634 814 2693 alas:

107 2733 202 2809 ipsum
223 2750 327 2790 omnes
347 2730 461 2806 aquilas
481 2732 647 2805 collataque
668 2730 750 2805 signa
770 2731 912 2789 ferentem

106 2829 223 2904 agmine
244 2846 306 2886 non
326 2846 387 2887 uno
407 2827 567 2903 densisque
588 2826 726 2885 incedere
744 2826 855 2885 castris.

107 2944 163 2983 nec
183 2925 300 3000 qualem
320 2923 480 2982 meminere
500 2924 620 2981 vident:
648 2921 800 2998 maiorque
821 2924 955 2998 ferusque

106 3022 254 3082 mentibus
274 3022 399 3082 occurrit
419 3022 558 3098 victoque
579 3021 734 3080 immanior
755 3022 849 3081 hoste.

106 3122 186 3179 hunc
206 3120 281 3179 inter
302 3120 441 3179 Rhenum
462 3121 589 3195 populos
609 3119 760 3194 Alpesque
780 3117 910 3177 iacentes

107 3218 213 3277 finibus
234 3214 351 3275 Arctois
371 3215 523 3291 patriaque
542 3234 560 3272 a
581 3214 651 3273 sede
672 3215 803 3273 revulsos

107 3334 186 3392 pone
207 3312 297 3389 sequi,
320 3311 488 3388 iussamque
509 3310 576 3370 seris
597 3331 615 3369 a
635 3311 771 3387 gentibus
794 3312 895 3370 urbem

108 3413 247 3469 Romano
268 3419 421 3486 spectante
441 3405 514 3487 rapi.
557 3407 603 3468 sic
623 3407 756 3486 quisque
772 3405 924 3481 pavendo
