2444 3772
102 180 120 236 a
368 178 413 233 M.
443 176 629 233 ANNAEJ
648 150 822 234 LUCANJ

102 305 133 364 in
154 325 207 365 sua
227 306 337 382 templa
357 303 444 364 surit:
472 306 611 380 nullaque
632 303 709 363 exire
729 315 847 364 vetante
968 345 970 351 r
1036 322 1088 381 155

101 401 229 473 materia,
251 421 448 478 magnamque
469 404 578 461 cadens
599 421 795 477 magnamque
818 413 967 462 revertens

101 499 152 558 dat
170 510 297 574 stragem
317 500 376 558 late
397 518 574 575 sparsosque
593 499 735 576 recolligit
756 499 844 575 ignes.
971 477 1064 546 s

140 595 196 654 hae
217 595 341 654 ducibus
362 614 468 654 causae
489 597 645 655 suberant:
673 597 725 654 sed
746 596 865 676 publica
886 596 954 656 belli
1000 578 1113 639 new

100 691 222 764 semina,
243 711 319 769 quae
340 695 466 768 populos
488 713 604 768 semper
623 713 749 753 mersere
769 704 914 770 potentes.

101 808 227 866 namque
247 800 280 848 ut
300 809 371 866 opes
392 791 506 850 mundo
527 789 632 850 nimias
652 781 769 850 fortuna
787 792 911 850 subacto
1035 792 1090 848 160

100 884 204 957 intulit,
228 896 256 944 et
277 887 364 945 rebus
384 906 480 946 mores
501 895 615 946 cessere
636 887 782 960 secundis,

100 983 267 1058 praedaque
288 993 318 1042 et
338 983 461 1043 hostiles
483 986 584 1043 luxum
605 1004 722 1044 suasere
742 983 880 1061 rapinae:

99 1084 160 1137 non
181 1098 253 1139 auro
274 1079 417 1155 tectisque
438 1081 562 1140 modus:
591 1101 767 1157 mensasque
787 1082 897 1158 priores

101 1187 255 1252 aspernata
275 1179 385 1236 fames:
413 1180 508 1237 cultus
529 1190 643 1254 gestare
664 1181 788 1238 decoros

101 1271 150 1330 vix
170 1273 290 1332 nuribus
311 1293 433 1350 rapuere
454 1294 566 1335 mares:
594 1277 720 1335 fecunda
739 1277 866 1335 virorum

100 1379 257 1460 paupertas
278 1368 404 1445 fugitur3
431 1381 554 1447 totoque
575 1371 732 1431 accersitur
751 1375 822 1432 orbe

100 1483 160 1539 quo
180 1484 252 1540 gens
274 1484 409 1541 quaeque
430 1467 513 1543 perit.
556 1478 618 1527 tum
639 1469 743 1544 longos
764 1467 884 1544 iungere
905 1470 977 1527 fines

99 1578 243 1637 agrorum,
266 1571 295 1620 et
315 1562 465 1636 quondam
488 1564 562 1622 duro
583 1565 695 1623 sulcata
717 1564 834 1624 Camilli

99 1672 217 1713 vomere
238 1665 267 1713 et
288 1653 425 1731 antiquos
447 1655 601 1716 Curiorum
623 1677 708 1735 passa
729 1659 841 1735 ligones

99 1752 187 1828 longa
208 1753 262 1811 sub
283 1752 390 1828 ignotis
412 1755 569 1813 extendere
590 1775 656 1813 rura
675 1755 796 1815 colonis.

101 1866 162 1906 non
183 1859 245 1907 erat
265 1847 289 1906 is
310 1850 437 1924 populus
457 1869 545 1926 quem
567 1870 625 1927 pax
645 1851 800 1927 tranquilla
820 1851 938 1926 iuvaret,

99 1963 188 2020 quem
209 1964 262 2003 sua
281 1945 399 2005 libertas
420 1944 549 2005 immotis
570 1958 702 2022 pasceret
723 1947 818 2007 armis.

100 2042 169 2102 inde
189 2042 248 2102 irae
268 2041 368 2102 faciles
378 2063 387 2115 ;
415 2053 445 2101 et
461 2044 547 2119 'quod
569 2043 707 2102 suasisset
728 2054 841 2120 egestas

99 2140 156 2199 vile
177 2140 277 2213 nesas3
304 2157 502 2215 magnumque
524 2141 614 2199 decus
635 2141 769 2216 ferroque
789 2141 952 2215 petendum
1016 2201 1018 2204 Α
1061 2153 1063 2156 ’

99 2238 165 2313 plus
186 2237 279 2314 patria
299 2236 430 2314 potuisse
452 2257 524 2312 sua3
547 2255 741 2313 mensuraque
762 2235 831 2295 iuris

100 2333 143 2391 vis
164 2343 242 2393 erat:
271 2331 341 2391 hinc
361 2333 441 2409 leges
462 2344 491 2392 et
511 2332 664 2410 plebiscita
685 2343 813 2404 coactae,

100 2450 129 2489 et
150 2450 217 2488 cum
239 2427 408 2488 consulibus
430 2430 581 2488 turbantes
601 2428 662 2487 iura
683 2426 810 2487 tribuni:

99 2527 170 2587 hinc
190 2525 264 2603 rapti
285 2529 378 2585 fasces
399 2526 493 2602 pretio
515 2536 669 2603 sectorque
689 2524 794 2584 favoris

100 2625 162 2703 ipse
183 2623 228 2683 sui
248 2623 383 2699 populus,
404 2622 558 2698 letalisque
578 2621 705 2681 ambitus
726 2622 790 2682 urbi

100 2740 198 2780 annua
219 2718 315 2778 venali
336 2720 462 2778 reserens
482 2717 641 2777 certamina
663 2719 796 2794 Campo:

100 2818 170 2876 hinc
190 2836 277 2877 usura
297 2836 385 2875 vorax
405 2815 584 2893 avidumque
605 2816 635 2875 in
656 2827 790 2893 tempora
809 2818 895 2874 senus

101 2926 131 2975 et
151 2933 295 2973 concussa
315 2913 389 2972 fides
410 2923 439 2972 et
459 2913 559 2973 multis
580 2914 651 2971 utile
671 2914 790 2972 bellum.

14 3005 76 3015 'W
141 3011 199 3068 iarn
219 3009 331 3085 gelidas
352 3010 461 3069 Caesar
481 3028 566 3067 eursu
588 3019 772 3085 superaverat
793 3009 892 3085 Alpes,

101 3107 294 3183 ingentesque
315 3103 414 3164 animo
435 3116 532 3164 motus
553 3107 723 3181 bellumque
743 3107 871 3164 futurum
923 3152 927 3160 .

59 3264 60 3267 ,
102 3210 227 3278 ceperat.
270 3212 302 3260 ut
322 3211 443 3260 ventum
465 3211 509 3260 est
530 3199 611 3277 parvi
632 3199 796 3259 Rubiconis
817 3201 854 3258 ad
876 3202 980 3272 undaS,
1036 3201 1089 3276 185

102 3299 206 3375 ingens
230 3298 288 3356 visa
309 3296 377 3356 duci
400 3296 706 3374 Patriae'trepidantis
727 3296 823 3372 imago

103 3396 181 3453 clara
201 3412 253 3469 per
273 3394 428 3452 obscuram
448 3394 530 3452 vultu
552 3392 747 3452 maestissima
766 3402 885 3452 noctem
